Title,kg price,Discounted Price,Actual Price,Actual Price 2,Image,Merchant Product Id HTML
Filetes de bacalao Pescanova 400 g.,"400 g. |
15,38 €/kg",,"6,15 €",,https://static.carrefour.es/hd_280x_/supermercado/bcc_static/catalogImages/product/429074/429074.jpg,"<img aria-describedby=""product-521031261"" alt=""Filetes de bacalao Pescanova 400 g."" src=""https://static.carrefour.es/hd_280x_/supermercado/bcc_static/catalogImages/product/429074/429074.jpg"" srcset=""https://static.carrefour.es/hd_560x_/supermercado/bcc_static/catalogImages/product/429074/429074.jpg"" width=""100%""> <p class=""title-product"">
Filetes de bacalao Pescanova 400 g.</p>"
Filete de bacalao al punto sal Carrefour 400 g.,"400 g. |
10,12 €/kg",,"4,05 €",,https://static.carrefour.es/hd_280x_/supermercado/bcc_static/catalogImages/product/302943/302943.png,"<img aria-describedby=""product-589601121"" alt=""Filete de bacalao al punto sal Carrefour 400 g."" src=""https://static.carrefour.es/hd_280x_/supermercado/bcc_static/catalogImages/product/302943/302943.png"" srcset=""https://static.carrefour.es/hd_560x_/supermercado/bcc_static/catalogImages/product/302943/302943.png"" width=""100%""> <p class=""title-product"">
Filete de bacalao al punto sal Carrefour 400 g.</p>"
Bacalao desmigado desalado Carrefour 250 g.,"250 g. |
15,00 €/kg",,"3,75 €",,https://static.carrefour.es/hd_280x_/supermercado/bcc_static/catalogImages/product/965241/965241.jpg,"<img aria-describedby=""product-prod73618"" alt=""Bacalao desmigado desalado Carrefour 250 g."" src=""https://static.carrefour.es/hd_280x_/supermercado/bcc_static/catalogImages/product/965241/965241.jpg"" srcset=""https://static.carrefour.es/hd_560x_/supermercado/bcc_static/catalogImages/product/965241/965241.jpg"" width=""100%""> <p class=""title-product"">
Bacalao desmigado desalado Carrefour 250 g.</p>"
Bacalao en lonchas ahumado Carrefour 80 g.,"80 g. |
33,62 €/kg",,"2,69 €",,https://static.carrefour.es/hd_280x_/supermercado/bcc_static/catalogImages/product/708300/708300.jpg,"<img aria-describedby=""product-521033080"" alt=""Bacalao en lonchas ahumado Carrefour 80 g."" src=""https://static.carrefour.es/hd_280x_/supermercado/bcc_static/catalogImages/product/708300/708300.jpg"" srcset=""https://static.carrefour.es/hd_560x_/supermercado/bcc_static/catalogImages/product/708300/708300.jpg"" width=""100%""> <p class=""title-product"">
Bacalao en lonchas ahumado Carrefour 80 g.</p>"
Lomo de bacalao Carrefour 300 g.,"300 g. |
13,83 €/kg",,"4,15 €",,https://static.carrefour.es/hd_280x_/supermercado/bcc_static/catalogImages/product/904285/904285.png,"<img aria-describedby=""product-799398282"" alt=""Lomo de bacalao Carrefour 300 g."" src=""https://static.carrefour.es/hd_280x_/supermercado/bcc_static/catalogImages/product/904285/904285.png"" srcset=""https://static.carrefour.es/hd_560x_/supermercado/bcc_static/catalogImages/product/904285/904285.png"" width=""100%""> <p class=""title-product"">
Lomo de bacalao Carrefour 300 g.</p>"
Porciones de bacalao Pescanova 400 g.,"400 g. |
8,98 €/kg",,"3,59 €",,https://static.carrefour.es/hd_280x_/supermercado/bcc_static/catalogImages/product/736265/736265.jpg,"<img aria-describedby=""product-546501886"" alt=""Porciones de bacalao Pescanova 400 g."" src=""https://static.carrefour.es/hd_280x_/supermercado/bcc_static/catalogImages/product/736265/736265.jpg"" srcset=""https://static.carrefour.es/hd_560x_/supermercado/bcc_static/catalogImages/product/736265/736265.jpg"" width=""100%""> <p class=""title-product"">
Porciones de bacalao Pescanova 400 g.</p>"
Lomos de bacalao Pescanova 300 g.,"300 g. |
16,83 €/kg",,"5,05 €",,https://static.carrefour.es/hd_280x_/supermercado/bcc_static/catalogImages/product/546274/546274.jpg,"<img aria-describedby=""product-521031259"" alt=""Lomos de bacalao Pescanova 300 g."" src=""https://static.carrefour.es/hd_280x_/supermercado/bcc_static/catalogImages/product/546274/546274.jpg"" srcset=""https://static.carrefour.es/hd_560x_/supermercado/bcc_static/catalogImages/product/546274/546274.jpg"" width=""100%""> <p class=""title-product"">
Lomos de bacalao Pescanova 300 g.</p>"
"Bacalao desalado desmigado, Arte Morhua 375 g","375 g. |
13,31 €/kg",,"4,99 €",,https://static.carrefour.es/hd_280x_/supermercado/bcc_static/catalogImages/product/926628/926628.jpg,"<img aria-describedby=""product-817316622"" alt=""Bacalao desalado desmigado, Arte Morhua 375 g"" src=""https://static.carrefour.es/hd_280x_/supermercado/bcc_static/catalogImages/product/926628/926628.jpg"" srcset=""https://static.carrefour.es/hd_560x_/supermercado/bcc_static/catalogImages/product/926628/926628.jpg"" width=""100%""> <p class=""title-product"">
Bacalao desalado desmigado, Arte Morhua 375 g</p>"
Pimiento del piquillo relleno de bacalao Carrefour Bolsa de 400 gr,"Bolsa de 400 gr |
9,88 €/kg",,"3,95 €",,https://static.carrefour.es/hd_280x_/supermercado/bcc_static/catalogImages/product/112067/112067.jpg,"<img aria-describedby=""product-525964626"" alt=""Pimiento del piquillo relleno de bacalao Carrefour Bolsa de 400 gr"" src=""https://static.carrefour.es/hd_280x_/supermercado/bcc_static/catalogImages/product/112067/112067.jpg"" srcset=""https://static.carrefour.es/hd_560x_/supermercado/bcc_static/catalogImages/product/112067/112067.jpg"" width=""100%""> <p class=""title-product"">
Pimiento del piquillo relleno de bacalao Carrefour Bolsa de 400 gr</p>"
"Bacalao desalao desmigado, Copesco & Sefrisa 250 g","250 g. |
22,00 €/kg",,"5,50 €",,https://static.carrefour.es/hd_280x_/supermercado/bcc_static/catalogImages/product/706011/706011.jpg,"<img aria-describedby=""product-737306962"" alt=""Bacalao desalao desmigado, Copesco &amp; Sefrisa 250 g"" src=""https://static.carrefour.es/hd_280x_/supermercado/bcc_static/catalogImages/product/706011/706011.jpg"" srcset=""https://static.carrefour.es/hd_560x_/supermercado/bcc_static/catalogImages/product/706011/706011.jpg"" width=""100%""> <p class=""title-product"">
Bacalao desalao desmigado, Copesco &amp; Sefrisa 250 g</p>"
Bacalao dorado Armazens Mercearia Marvanejo 240 g.,"240 g. |
11,46 €/kg",,"2,75 €",,https://static.carrefour.es/hd_280x_/supermercado/bcc_static/catalogImages/product/075453/075453.png,"<img aria-describedby=""product-530067158"" alt=""Bacalao dorado Armazens Mercearia Marvanejo 240 g."" src=""https://static.carrefour.es/hd_280x_/supermercado/bcc_static/catalogImages/product/075453/075453.png"" srcset=""https://static.carrefour.es/hd_560x_/supermercado/bcc_static/catalogImages/product/075453/075453.png"" width=""100%""> <p class=""title-product"">
Bacalao dorado Armazens Mercearia Marvanejo 240 g.</p>"
Croquetas de bacalao Carrefour 400 g.,"400 g. |
7,48 €/kg",,"2,99 €",,https://static.carrefour.es/hd_280x_/supermercado/bcc_static/catalogImages/product/310318/310318.jpg,"<img aria-describedby=""product-658001640"" alt=""Croquetas de bacalao Carrefour 400 g."" src=""https://static.carrefour.es/hd_280x_/supermercado/bcc_static/catalogImages/product/310318/310318.jpg"" srcset=""https://static.carrefour.es/hd_560x_/supermercado/bcc_static/catalogImages/product/310318/310318.jpg"" width=""100%""> <p class=""title-product"">
Croquetas de bacalao Carrefour 400 g.</p>"
Bacalao desmigado Carrefour 300 g.,"300 g. |
19,83 €/kg",,"5,95 €",,https://static.carrefour.es/hd_280x_/supermercado/bcc_static/catalogImages/product/352446/352446.jpg,"<img aria-describedby=""product-521031947"" alt=""Bacalao desmigado Carrefour 300 g."" src=""https://static.carrefour.es/hd_280x_/supermercado/bcc_static/catalogImages/product/352446/352446.jpg"" srcset=""https://static.carrefour.es/hd_560x_/supermercado/bcc_static/catalogImages/product/352446/352446.jpg"" width=""100%""> <p class=""title-product"">
Bacalao desmigado Carrefour 300 g.</p>"
Buñuelos de bacalao Carrefour 400 gr,"Bolsa de 400 gr |
6,25 €/kg",,"2,50 €",,https://static.carrefour.es/hd_280x_/supermercado/bcc_static/catalogImages/product/792206/792206.jpg,"<img aria-describedby=""product-525888337"" alt=""Buñuelos de bacalao Carrefour 400 gr"" src=""https://static.carrefour.es/hd_280x_/supermercado/bcc_static/catalogImages/product/792206/792206.jpg"" srcset=""https://static.carrefour.es/hd_560x_/supermercado/bcc_static/catalogImages/product/792206/792206.jpg"" width=""100%""> <p class=""title-product"">
Buñuelos de bacalao Carrefour 400 gr</p>"
"Bacalao salado desmigado Skrei, Carrefour Calidad y Origen 250 g","250 g. |
23,00 €/kg",,"5,75 €",,https://static.carrefour.es/hd_280x_/supermercado/bcc_static/catalogImages/product/050701/050701.jpg,"<img aria-describedby=""product-prod960082"" alt=""Bacalao salado desmigado Skrei, Carrefour Calidad y Origen 250 g"" src=""https://static.carrefour.es/hd_280x_/supermercado/bcc_static/catalogImages/product/050701/050701.jpg"" srcset=""https://static.carrefour.es/hd_560x_/supermercado/bcc_static/catalogImages/product/050701/050701.jpg"" width=""100%""> <p class=""title-product"">
Bacalao salado desmigado Skrei, Carrefour Calidad y Origen 250 g</p>"
"Bacalao desalado desmigado Skrei, Carrefour Calidad y Origen 250 g","250 g. |
23,00 €/kg",,"5,75 €",,https://static.carrefour.es/hd_280x_/supermercado/bcc_static/catalogImages/product/050811/050811.jpg,"<img aria-describedby=""product-prod960083"" alt=""Bacalao desalado desmigado Skrei, Carrefour Calidad y Origen 250 g"" src=""https://static.carrefour.es/hd_280x_/supermercado/bcc_static/catalogImages/product/050811/050811.jpg"" srcset=""https://static.carrefour.es/hd_560x_/supermercado/bcc_static/catalogImages/product/050811/050811.jpg"" width=""100%""> <p class=""title-product"">
Bacalao desalado desmigado Skrei, Carrefour Calidad y Origen 250 g</p>"
Filetes de bacalao envasados Dimar 400 g.,"400 g. |
16,25 €/kg",,"6,50 €",,https://static.carrefour.es/hd_280x_/supermercado/bcc_static/catalogImages/product/559753/559753.png,"<img aria-describedby=""product-521031255"" alt=""Filetes de bacalao envasados Dimar 400 g."" src=""https://static.carrefour.es/hd_280x_/supermercado/bcc_static/catalogImages/product/559753/559753.png"" srcset=""https://static.carrefour.es/hd_560x_/supermercado/bcc_static/catalogImages/product/559753/559753.png"" width=""100%""> <p class=""title-product"">
Filetes de bacalao envasados Dimar 400 g.</p>"
Bacalao desalado desmigado Royal 180 g.,"180 g. |
21,67 €/kg",,"3,90 €",,https://static.carrefour.es/hd_280x_/supermercado/bcc_static/catalogImages/product/366178/366178.jpg,"<img aria-describedby=""product-prod840922"" alt=""Bacalao desalado desmigado Royal 180 g."" src=""https://static.carrefour.es/hd_280x_/supermercado/bcc_static/catalogImages/product/366178/366178.jpg"" srcset=""https://static.carrefour.es/hd_560x_/supermercado/bcc_static/catalogImages/product/366178/366178.jpg"" width=""100%""> <p class=""title-product"">
Bacalao desalado desmigado Royal 180 g.</p>"
Sardina salada De Nuestra Tierra 280 g,"208 g |
7,11 €/kg",,"1,99 €",,https://static.carrefour.es/hd_280x_/supermercado/bcc_static/catalogImages/product/125805/125805.jpg,"<img aria-describedby=""product-prod1070008"" alt=""Sardina salada De Nuestra Tierra 280 g"" src=""https://static.carrefour.es/hd_280x_/supermercado/bcc_static/catalogImages/product/125805/125805.jpg"" srcset=""https://static.carrefour.es/hd_560x_/supermercado/bcc_static/catalogImages/product/125805/125805.jpg"" width=""100%""> <p class=""title-product"">
Sardina salada De Nuestra Tierra 280 g</p>"
"Bacalao tradicional desmigado, Arte Morhua 250 g","Bandeja de 250 g. |
18,00 €/kg",,"4,50 €",,https://static.carrefour.es/hd_280x_/supermercado/bcc_static/catalogImages/product/078583/078583.jpg,"<img aria-describedby=""product-687303503"" alt=""Bacalao tradicional desmigado, Arte Morhua 250 g"" src=""https://static.carrefour.es/hd_280x_/supermercado/bcc_static/catalogImages/product/078583/078583.jpg"" srcset=""https://static.carrefour.es/hd_560x_/supermercado/bcc_static/catalogImages/product/078583/078583.jpg"" width=""100%""> <p class=""title-product"">
Bacalao tradicional desmigado, Arte Morhua 250 g</p>"
Lomos selectos de bacalao Dimar 300 g.,"300 g. |
20,33 €/kg",,"6,10 €",,https://static.carrefour.es/hd_280x_/supermercado/bcc_static/catalogImages/product/612581/612581.png,"<img aria-describedby=""product-521031257"" alt=""Lomos selectos de bacalao Dimar 300 g."" src=""https://static.carrefour.es/hd_280x_/supermercado/bcc_static/catalogImages/product/612581/612581.png"" srcset=""https://static.carrefour.es/hd_560x_/supermercado/bcc_static/catalogImages/product/612581/612581.png"" width=""100%""> <p class=""title-product"">
Lomos selectos de bacalao Dimar 300 g.</p>"
Tabal de Sardinas saladas Pescatún Isleña 1 ud,"1 ud |
0,50 €/ud",,"0,50 €",,https://static.carrefour.es/hd_280x_/supermercado/bcc_static/catalogImages/product/148501/148501.jpg,"<img aria-describedby=""product-prod1100017"" alt=""Tabal de Sardinas saladas Pescatún Isleña 1 ud"" src=""https://static.carrefour.es/hd_280x_/supermercado/bcc_static/catalogImages/product/148501/148501.jpg"" srcset=""https://static.carrefour.es/hd_560x_/supermercado/bcc_static/catalogImages/product/148501/148501.jpg"" width=""100%""> <p class=""title-product"">
Tabal de Sardinas saladas Pescatún Isleña 1 ud</p>"
"Bacalao desalao supremas de lomo, Copesco & Sefrisa 300 g","Bandeja de 300 g. |
25,00 €/kg",,"7,50 €",,https://static.carrefour.es/hd_280x_/supermercado/bcc_static/catalogImages/product/718019/718019.jpg,"<img aria-describedby=""product-740905696"" alt=""Bacalao desalao supremas de lomo, Copesco &amp; Sefrisa 300 g"" src=""https://static.carrefour.es/hd_280x_/supermercado/bcc_static/catalogImages/product/718019/718019.jpg"" srcset=""https://static.carrefour.es/hd_560x_/supermercado/bcc_static/catalogImages/product/718019/718019.jpg"" width=""100%""> <p class=""title-product"">
Bacalao desalao supremas de lomo, Copesco &amp; Sefrisa 300 g</p>"
"Bacalao congelado lomos Skrei, Carrefour Calidad y Origen 360 g","360 g. |
24,97 €/kg",,"8,99 €",,https://static.carrefour.es/hd_280x_/supermercado/bcc_static/catalogImages/product/050869/050869.jpg,"<img aria-describedby=""product-prod960075"" alt=""Bacalao congelado lomos Skrei, Carrefour Calidad y Origen 360 g"" src=""https://static.carrefour.es/hd_280x_/supermercado/bcc_static/catalogImages/product/050869/050869.jpg"" srcset=""https://static.carrefour.es/hd_560x_/supermercado/bcc_static/catalogImages/product/050869/050869.jpg"" width=""100%""> <p class=""title-product"">
Bacalao congelado lomos Skrei, Carrefour Calidad y Origen 360 g</p>"
,,,,,,
Bacalao congelado ventrescas Dimar 360 g.,"360 g. |
14,31 €/kg",,"5,15 €",,https://static.carrefour.es/hd_280x_/supermercado/bcc_static/catalogImages/product/839681/839681.jpg,"<img aria-describedby=""product-prod590685"" alt=""Bacalao congelado ventrescas Dimar 360 g."" src=""https://static.carrefour.es/hd_280x_/supermercado/bcc_static/catalogImages/product/839681/839681.jpg"" srcset=""https://static.carrefour.es/hd_560x_/supermercado/bcc_static/catalogImages/product/839681/839681.jpg"" width=""100%""> <p class=""title-product"">
Bacalao congelado ventrescas Dimar 360 g.</p>"
"Bacalao desalado filetes Skrei, Carrefour Calidad y Origen 300 g","300 g. |
23,30 €/kg",,"6,99 €",,https://static.carrefour.es/hd_280x_/supermercado/bcc_static/catalogImages/product/050861/050861.jpg,"<img aria-describedby=""product-prod960073"" alt=""Bacalao desalado filetes Skrei, Carrefour Calidad y Origen 300 g"" src=""https://static.carrefour.es/hd_280x_/supermercado/bcc_static/catalogImages/product/050861/050861.jpg"" srcset=""https://static.carrefour.es/hd_560x_/supermercado/bcc_static/catalogImages/product/050861/050861.jpg"" width=""100%""> <p class=""title-product"">
Bacalao desalado filetes Skrei, Carrefour Calidad y Origen 300 g</p>"
"Bacalao salado filete Skrei, Carrefour Calidad y Origen 800 g","800 g. |
24,94 €/kg",,"19,95 €",,https://static.carrefour.es/hd_280x_/supermercado/bcc_static/catalogImages/product/050721/050721.jpg,"<img aria-describedby=""product-prod960074"" alt=""Bacalao salado filete Skrei, Carrefour Calidad y Origen 800 g"" src=""https://static.carrefour.es/hd_280x_/supermercado/bcc_static/catalogImages/product/050721/050721.jpg"" srcset=""https://static.carrefour.es/hd_560x_/supermercado/bcc_static/catalogImages/product/050721/050721.jpg"" width=""100%""> <p class=""title-product"">
Bacalao salado filete Skrei, Carrefour Calidad y Origen 800 g</p>"
"Bacalao salado fileton 1,3 Kg","1,3 Kg |
15,38 €/kg",,"19,99 €",,https://static.carrefour.es/hd_280x_/supermercado/bcc_static/catalogImages/product/150120/150120.jpg,"<img aria-describedby=""product-prod1110055"" alt=""Bacalao salado fileton 1,3 Kg"" src=""https://static.carrefour.es/hd_280x_/supermercado/bcc_static/catalogImages/product/150120/150120.jpg"" srcset=""https://static.carrefour.es/hd_560x_/supermercado/bcc_static/catalogImages/product/150120/150120.jpg"" width=""100%""> <p class=""title-product"">
Bacalao salado fileton 1,3 Kg</p>"
"Bacalao salado extra taco, Arte Morhua 300 g","300 g. |
23,17 €/kg",,"6,95 €",,https://static.carrefour.es/hd_280x_/supermercado/bcc_static/catalogImages/product/164803/164803.jpg,"<img aria-describedby=""product-867100650"" alt=""Bacalao salado extra taco, Arte Morhua 300 g "" src=""https://static.carrefour.es/hd_280x_/supermercado/bcc_static/catalogImages/product/164803/164803.jpg"" srcset=""https://static.carrefour.es/hd_560x_/supermercado/bcc_static/catalogImages/product/164803/164803.jpg"" width=""100%""> <p class=""title-product"">
Bacalao salado extra taco, Arte Morhua 300 g </p>"
Bacalada salada retractilada Arte Morhua 650 g,"650 g |
12,29 €/kg",,"7,99 €",,https://static.carrefour.es/hd_280x_/supermercado/bcc_static/catalogImages/product/804589/804589.jpg,"<img aria-describedby=""product-627802060"" alt=""Bacalada salada retractilada Arte Morhua 650 g"" src=""https://static.carrefour.es/hd_280x_/supermercado/bcc_static/catalogImages/product/804589/804589.jpg"" srcset=""https://static.carrefour.es/hd_560x_/supermercado/bcc_static/catalogImages/product/804589/804589.jpg"" width=""100%""> <p class=""title-product"">
Bacalada salada retractilada Arte Morhua 650 g</p>"
Bacalao Lomo Extra Salado 250 gr aprox,"Bandeja de  250.0 g. aprox |
22,90 €/kg",,"5,72 €",,https://static.carrefour.es/hd_280x_/supermercado/bcc_static/catalogImages/product/045575/045575.png,"<img aria-describedby=""product-677901833"" alt=""Bacalao Lomo Extra Salado 250 gr aprox"" src=""https://static.carrefour.es/hd_280x_/supermercado/bcc_static/catalogImages/product/045575/045575.png"" srcset=""https://static.carrefour.es/hd_560x_/supermercado/bcc_static/catalogImages/product/045575/045575.png"" width=""100%""> <p class=""title-product"">
Bacalao Lomo Extra Salado 250 gr aprox</p>"
"Bacalao centros de lomo, Salazones Garre 200 g","200 g. |
39,95 €/kg",,"7,99 €",,https://static.carrefour.es/hd_280x_/supermercado/bcc_static/catalogImages/product/847327/847327.jpg,"<img aria-describedby=""product-prod690106"" alt=""Bacalao centros de lomo, Salazones Garre 200 g"" src=""https://static.carrefour.es/hd_280x_/supermercado/bcc_static/catalogImages/product/847327/847327.jpg"" srcset=""https://static.carrefour.es/hd_560x_/supermercado/bcc_static/catalogImages/product/847327/847327.jpg"" width=""100%""> <p class=""title-product"">
Bacalao centros de lomo, Salazones Garre 200 g</p>"
,,,,,,