Title,kg price,Discounted Price,Actual Price,Actual Price 2,Image,Merchant Product Id HTML
Filete de Merluza del Cabo Carrefour 600 g.,"600 g. |
6,62 €/kg",,"3,97 €",,https://static.carrefour.es/hd_280x_/supermercado/bcc_static/catalogImages/product/926629/926629.png,"<img aria-describedby=""product-818615190"" alt=""Filete de Merluza del Cabo Carrefour 600 g."" src=""https://static.carrefour.es/hd_280x_/supermercado/bcc_static/catalogImages/product/926629/926629.png"" srcset=""https://static.carrefour.es/hd_560x_/supermercado/bcc_static/catalogImages/product/926629/926629.png"" width=""100%""> <p class=""title-product"">
Filete de Merluza del Cabo Carrefour 600 g.</p>"
Filetes de merluza sin piel Pescanova 400 g.,"400 g. |
10,12 €/kg",,"4,05 €",,https://static.carrefour.es/hd_280x_/supermercado/bcc_static/catalogImages/product/003302/003302.jpg,"<img aria-describedby=""product-521031239"" alt=""Filetes de merluza sin piel Pescanova 400 g."" src=""https://static.carrefour.es/hd_280x_/supermercado/bcc_static/catalogImages/product/003302/003302.jpg"" srcset=""https://static.carrefour.es/hd_560x_/supermercado/bcc_static/catalogImages/product/003302/003302.jpg"" width=""100%""> <p class=""title-product"">
Filetes de merluza sin piel Pescanova 400 g.</p>"
Corazones de filete de merluza Pescanova 500 g.,"500 g. |
11,30 €/kg",,"5,65 €",,https://static.carrefour.es/hd_280x_/supermercado/bcc_static/catalogImages/product/040488/040488.jpg,"<img aria-describedby=""product-521031245"" alt=""Corazones de filete de merluza Pescanova 500 g."" src=""https://static.carrefour.es/hd_280x_/supermercado/bcc_static/catalogImages/product/040488/040488.jpg"" srcset=""https://static.carrefour.es/hd_560x_/supermercado/bcc_static/catalogImages/product/040488/040488.jpg"" width=""100%""> <p class=""title-product"">
Corazones de filete de merluza Pescanova 500 g.</p>"
Gamba pelada pequeña congelada Pescatrade 400 g,"400 g. |
12,48 €/kg",,"4,99 €",,https://static.carrefour.es/hd_280x_/supermercado/bcc_static/catalogImages/product/705088/705088.jpg,"<img aria-describedby=""product-821300438"" alt=""Gamba pelada pequeña congelada Pescatrade 400 g"" src=""https://static.carrefour.es/hd_280x_/supermercado/bcc_static/catalogImages/product/705088/705088.jpg"" srcset=""https://static.carrefour.es/hd_560x_/supermercado/bcc_static/catalogImages/product/705088/705088.jpg"" width=""100%""> <p class=""title-product"">
Gamba pelada pequeña congelada Pescatrade 400 g</p>"
Filetes de bacalao Pescanova 400 g.,"400 g. |
15,38 €/kg",,"6,15 €",,https://static.carrefour.es/hd_280x_/supermercado/bcc_static/catalogImages/product/429074/429074.jpg,"<img aria-describedby=""product-521031261"" alt=""Filetes de bacalao Pescanova 400 g."" src=""https://static.carrefour.es/hd_280x_/supermercado/bcc_static/catalogImages/product/429074/429074.jpg"" srcset=""https://static.carrefour.es/hd_560x_/supermercado/bcc_static/catalogImages/product/429074/429074.jpg"" width=""100%""> <p class=""title-product"">
Filetes de bacalao Pescanova 400 g.</p>"
Filete de bacalao al punto sal Carrefour 400 g.,"400 g. |
10,12 €/kg",,"4,05 €",,https://static.carrefour.es/hd_280x_/supermercado/bcc_static/catalogImages/product/302943/302943.png,"<img aria-describedby=""product-589601121"" alt=""Filete de bacalao al punto sal Carrefour 400 g."" src=""https://static.carrefour.es/hd_280x_/supermercado/bcc_static/catalogImages/product/302943/302943.png"" srcset=""https://static.carrefour.es/hd_560x_/supermercado/bcc_static/catalogImages/product/302943/302943.png"" width=""100%""> <p class=""title-product"">
Filete de bacalao al punto sal Carrefour 400 g.</p>"
Gamba pelada grande Pescatrade 400 g,"400 g. |
17,48 €/kg",,"6,99 €",,https://static.carrefour.es/hd_280x_/supermercado/bcc_static/catalogImages/product/947185/947185.jpg,"<img aria-describedby=""product-820613790"" alt=""Gamba pelada grande Pescatrade 400 g"" src=""https://static.carrefour.es/hd_280x_/supermercado/bcc_static/catalogImages/product/947185/947185.jpg"" srcset=""https://static.carrefour.es/hd_560x_/supermercado/bcc_static/catalogImages/product/947185/947185.jpg"" width=""100%""> <p class=""title-product"">
Gamba pelada grande Pescatrade 400 g</p>"
Lomos salmón Carrefour 480 g.,"480 g. |
11,77 €/kg",,"5,65 €",,https://static.carrefour.es/hd_280x_/supermercado/bcc_static/catalogImages/product/283863/283863.png,"<img aria-describedby=""product-526501266"" alt=""Lomos salmón Carrefour 480 g."" src=""https://static.carrefour.es/hd_280x_/supermercado/bcc_static/catalogImages/product/283863/283863.png"" srcset=""https://static.carrefour.es/hd_560x_/supermercado/bcc_static/catalogImages/product/283863/283863.png"" width=""100%""> <p class=""title-product"">
Lomos salmón Carrefour 480 g.</p>"
Medallones de filete de merluza Pescanova 400 g.,"400 g. |
14,72 €/kg","5,89 €",,"5,90 €",https://static.carrefour.es/hd_280x_/supermercado/bcc_static/catalogImages/product/208200/208200.jpg,"<img aria-describedby=""product-521031253"" alt=""Medallones de filete de merluza Pescanova 400 g."" src=""https://static.carrefour.es/hd_280x_/supermercado/bcc_static/catalogImages/product/208200/208200.jpg"" srcset=""https://static.carrefour.es/hd_560x_/supermercado/bcc_static/catalogImages/product/208200/208200.jpg"" width=""100%""> <p class=""title-product"">
Medallones de filete de merluza Pescanova 400 g.</p>"
Lomos de merluza Pescanova 400 g.,"400 g. |
14,50 €/kg",,"5,80 €",,https://static.carrefour.es/hd_280x_/supermercado/bcc_static/catalogImages/product/003305/003305.jpg,"<img aria-describedby=""product-521031241"" alt=""Lomos de merluza Pescanova 400 g."" src=""https://static.carrefour.es/hd_280x_/supermercado/bcc_static/catalogImages/product/003305/003305.jpg"" srcset=""https://static.carrefour.es/hd_560x_/supermercado/bcc_static/catalogImages/product/003305/003305.jpg"" width=""100%""> <p class=""title-product"">
Lomos de merluza Pescanova 400 g.</p>"
Lomo de salmón (3 ud) Carrefour 300 g,"300 g. |
33,30 €/kg",,"9,99 €",,https://static.carrefour.es/hd_280x_/supermercado/bcc_static/catalogImages/product/951180/951180.jpg,"<img aria-describedby=""product-820613818"" alt=""Lomo de salmón (3 ud) Carrefour 300 g"" src=""https://static.carrefour.es/hd_280x_/supermercado/bcc_static/catalogImages/product/951180/951180.jpg"" srcset=""https://static.carrefour.es/hd_560x_/supermercado/bcc_static/catalogImages/product/951180/951180.jpg"" width=""100%""> <p class=""title-product"">
Lomo de salmón (3 ud) Carrefour 300 g</p>"
Palito surimi 500 g,"500 g |
5,98 €/kg",,"2,99 €",,https://static.carrefour.es/hd_280x_/supermercado/bcc_static/catalogImages/product/110543/110543.png,"<img aria-describedby=""product-prod1023667"" alt=""Palito surimi 500 g"" src=""https://static.carrefour.es/hd_280x_/supermercado/bcc_static/catalogImages/product/110543/110543.png"" srcset=""https://static.carrefour.es/hd_560x_/supermercado/bcc_static/catalogImages/product/110543/110543.png"" width=""100%""> <p class=""title-product"">
Palito surimi 500 g</p>"
Tinta de sepia 1 ud,"1 ud. |
0,29 €/ud",,"0,29 €",,https://static.carrefour.es/hd_280x_/supermercado/bcc_static/catalogImages/product/988644/988644.jpg,"<img aria-describedby=""product-prod64592"" alt=""Tinta de sepia 1 ud"" src=""https://static.carrefour.es/hd_280x_/supermercado/bcc_static/catalogImages/product/988644/988644.jpg"" srcset=""https://static.carrefour.es/hd_560x_/supermercado/bcc_static/catalogImages/product/988644/988644.jpg"" width=""100%""> <p class=""title-product"">
Tinta de sepia 1 ud</p>"
Almejas del Pacífico Marnatura 450 g.,"450 g. |
4,67 €/kg",,"2,10 €",,https://static.carrefour.es/hd_280x_/supermercado/bcc_static/catalogImages/product/173418/173418.png,"<img aria-describedby=""product-531705041"" alt=""Almejas del Pacífico Marnatura 450 g."" src=""https://static.carrefour.es/hd_280x_/supermercado/bcc_static/catalogImages/product/173418/173418.png"" srcset=""https://static.carrefour.es/hd_560x_/supermercado/bcc_static/catalogImages/product/173418/173418.png"" width=""100%""> <p class=""title-product"">
Almejas del Pacífico Marnatura 450 g.</p>"
Carne de Mejillon cocido 80/120 Carrefour 400 g.,"400 g. |
5,75 €/kg",,"2,30 €",,https://static.carrefour.es/hd_280x_/supermercado/bcc_static/catalogImages/product/278930/278930.png,"<img aria-describedby=""product-522714764"" alt=""Carne de Mejillon cocido 80/120 Carrefour 400 g."" src=""https://static.carrefour.es/hd_280x_/supermercado/bcc_static/catalogImages/product/278930/278930.png"" srcset=""https://static.carrefour.es/hd_560x_/supermercado/bcc_static/catalogImages/product/278930/278930.png"" width=""100%""> <p class=""title-product"">
Carne de Mejillon cocido 80/120 Carrefour 400 g.</p>"
Solomillo de atún Campos 250 g.,"250 g. |
16,80 €/kg",,"4,20 €",,https://static.carrefour.es/hd_280x_/supermercado/bcc_static/catalogImages/product/757722/757722.png,"<img aria-describedby=""product-780048638"" alt=""Solomillo de atún Campos 250 g."" src=""https://static.carrefour.es/hd_280x_/supermercado/bcc_static/catalogImages/product/757722/757722.png"" srcset=""https://static.carrefour.es/hd_560x_/supermercado/bcc_static/catalogImages/product/757722/757722.png"" width=""100%""> <p class=""title-product"">
Solomillo de atún Campos 250 g.</p>"
Filetes de merluza sin piel Pescanova 800 g.,"800 g. |
10,38 €/kg",,"8,30 €",,https://static.carrefour.es/hd_280x_/supermercado/bcc_static/catalogImages/product/003303/003303.jpg,"<img aria-describedby=""product-521033649"" alt=""Filetes de merluza sin piel Pescanova 800 g."" src=""https://static.carrefour.es/hd_280x_/supermercado/bcc_static/catalogImages/product/003303/003303.jpg"" srcset=""https://static.carrefour.es/hd_560x_/supermercado/bcc_static/catalogImages/product/003303/003303.jpg"" width=""100%""> <p class=""title-product"">
Filetes de merluza sin piel Pescanova 800 g.</p>"
Gamba mediana pelada Aligator 400 g,"400 g. |
14,98 €/kg",,"5,99 €",,https://static.carrefour.es/hd_280x_/supermercado/bcc_static/catalogImages/product/946570/946570.jpg,"<img aria-describedby=""product-821300516"" alt=""Gamba mediana pelada Aligator 400 g"" src=""https://static.carrefour.es/hd_280x_/supermercado/bcc_static/catalogImages/product/946570/946570.jpg"" srcset=""https://static.carrefour.es/hd_560x_/supermercado/bcc_static/catalogImages/product/946570/946570.jpg"" width=""100%""> <p class=""title-product"">
Gamba mediana pelada Aligator 400 g</p>"
Colas de rape Frial 1 kg.,"1 kg. |
4,75 €/kg",,"4,75 €",,https://static.carrefour.es/hd_280x_/supermercado/bcc_static/catalogImages/product/278543/278543.png,"<img aria-describedby=""product-526501228"" alt=""Colas de rape Frial 1 kg."" src=""https://static.carrefour.es/hd_280x_/supermercado/bcc_static/catalogImages/product/278543/278543.png"" srcset=""https://static.carrefour.es/hd_560x_/supermercado/bcc_static/catalogImages/product/278543/278543.png"" width=""100%""> <p class=""title-product"">
Colas de rape Frial 1 kg.</p>"
Sepia limipia 480 g,"480 g |
14,56 €/kg",,"6,99 €",,https://static.carrefour.es/hd_280x_/supermercado/bcc_static/catalogImages/product/767667/767667.jpg,"<img aria-describedby=""product-758904334"" alt=""Sepia limipia 480 g"" src=""https://static.carrefour.es/hd_280x_/supermercado/bcc_static/catalogImages/product/767667/767667.jpg"" srcset=""https://static.carrefour.es/hd_560x_/supermercado/bcc_static/catalogImages/product/767667/767667.jpg"" width=""100%""> <p class=""title-product"">
Sepia limipia 480 g</p>"
Langostino extra grandes crudos Carrefour 800 g.,"800 g. |
9,44 €/kg","7,55 €",,"10,20 €",https://static.carrefour.es/hd_280x_/supermercado/bcc_static/catalogImages/product/734637/734637.png,"<img aria-describedby=""product-745728664"" alt=""Langostino extra grandes crudos Carrefour 800 g."" src=""https://static.carrefour.es/hd_280x_/supermercado/bcc_static/catalogImages/product/734637/734637.png"" srcset=""https://static.carrefour.es/hd_560x_/supermercado/bcc_static/catalogImages/product/734637/734637.png"" width=""100%""> <p class=""title-product"">
Langostino extra grandes crudos Carrefour 800 g.</p>"
Lomos merluza con piel Carrefour 400 g.,"400 g. |
8,00 €/kg",,"3,20 €",,https://static.carrefour.es/hd_280x_/supermercado/bcc_static/catalogImages/product/394486/394486.png,"<img aria-describedby=""product-607902700"" alt=""Lomos merluza con piel Carrefour 400 g."" src=""https://static.carrefour.es/hd_280x_/supermercado/bcc_static/catalogImages/product/394486/394486.png"" srcset=""https://static.carrefour.es/hd_560x_/supermercado/bcc_static/catalogImages/product/394486/394486.png"" width=""100%""> <p class=""title-product"">
Lomos merluza con piel Carrefour 400 g.</p>"
Gambas peladas S Carrefour 400 g.,"400 g. |
12,62 €/kg",,"5,05 €",,https://static.carrefour.es/hd_280x_/supermercado/bcc_static/catalogImages/product/124457/124457.jpg,"<img aria-describedby=""product-prod72159"" alt=""Gambas peladas S Carrefour 400 g."" src=""https://static.carrefour.es/hd_280x_/supermercado/bcc_static/catalogImages/product/124457/124457.jpg"" srcset=""https://static.carrefour.es/hd_560x_/supermercado/bcc_static/catalogImages/product/124457/124457.jpg"" width=""100%""> <p class=""title-product"">
Gambas peladas S Carrefour 400 g.</p>"
Filete de lenguado al vacío Delfín 180 g.,"180 g. |
16,67 €/kg",,"3,00 €",,https://static.carrefour.es/hd_280x_/supermercado/bcc_static/catalogImages/product/317726/317726.jpg,"<img aria-describedby=""product-664305464"" alt=""Filete de lenguado al vacío Delfín 180 g."" src=""https://static.carrefour.es/hd_280x_/supermercado/bcc_static/catalogImages/product/317726/317726.jpg"" srcset=""https://static.carrefour.es/hd_560x_/supermercado/bcc_static/catalogImages/product/317726/317726.jpg"" width=""100%""> <p class=""title-product"">
Filete de lenguado al vacío Delfín 180 g.</p>"
,,,,,,
Rodaja pez espada 500 g aprox,"500 g 500.0 g. aprox |
12,75 €/kg","6,37 €",,"6,40 €",https://static.carrefour.es/hd_280x_/supermercado/bcc_static/catalogImages/product/214828/214828.jpg,"<img aria-describedby=""product-prod1170098"" alt=""Rodaja pez espada 500 g aprox"" src=""https://static.carrefour.es/hd_280x_/supermercado/bcc_static/catalogImages/product/214828/214828.jpg"" srcset=""https://static.carrefour.es/hd_560x_/supermercado/bcc_static/catalogImages/product/214828/214828.jpg"" width=""100%""> <p class=""title-product"">
Rodaja pez espada 500 g aprox</p>"
Filete de salmón salvaje 0 400 g.,"400 g. |
21,88 €/kg",,"8,75 €",,https://static.carrefour.es/hd_280x_/supermercado/bcc_static/catalogImages/product/950570/950570.jpg,"<img aria-describedby=""product-prod63893"" alt=""Filete de salmón salvaje 0 400 g."" src=""https://static.carrefour.es/hd_280x_/supermercado/bcc_static/catalogImages/product/950570/950570.jpg"" srcset=""https://static.carrefour.es/hd_560x_/supermercado/bcc_static/catalogImages/product/950570/950570.jpg"" width=""100%""> <p class=""title-product"">
Filete de salmón salvaje 0 400 g.</p>"
Gambón nº1 congelado Carrefour 1 kg aprox,"Envase de 1000.0 g. aprox |
9,95 €/kg","9,95 €",,"11,20 €",https://static.carrefour.es/hd_280x_/supermercado/bcc_static/catalogImages/product/107832/107832.jpg,"<img aria-describedby=""product-609202412"" alt=""Gambón nº1 congelado Carrefour 1 kg aprox "" src=""https://static.carrefour.es/hd_280x_/supermercado/bcc_static/catalogImages/product/107832/107832.jpg"" srcset=""https://static.carrefour.es/hd_560x_/supermercado/bcc_static/catalogImages/product/107832/107832.jpg"" width=""100%""> <p class=""title-product"">
Gambón nº1 congelado Carrefour 1 kg aprox </p>"
Camarón cocido pelado Carrefour 200 g.,"200 g. |
15,00 €/kg",,"3,00 €",,https://static.carrefour.es/hd_280x_/supermercado/bcc_static/catalogImages/product/100553/100553.png,"<img aria-describedby=""product-521007493"" alt=""Camarón cocido pelado Carrefour 200 g."" src=""https://static.carrefour.es/hd_280x_/supermercado/bcc_static/catalogImages/product/100553/100553.png"" srcset=""https://static.carrefour.es/hd_560x_/supermercado/bcc_static/catalogImages/product/100553/100553.png"" width=""100%""> <p class=""title-product"">
Camarón cocido pelado Carrefour 200 g.</p>"
Gamba blanca cocida 32/48 piezas Delfín 400 g.,"400 g. |
19,98 €/kg",,"7,99 €",,https://static.carrefour.es/hd_280x_/supermercado/bcc_static/catalogImages/product/330626/330626.jpg,"<img aria-describedby=""product-fprod1280438"" alt=""Gamba blanca cocida 32/48 piezas Delfín 400 g."" src=""https://static.carrefour.es/hd_280x_/supermercado/bcc_static/catalogImages/product/330626/330626.jpg"" srcset=""https://static.carrefour.es/hd_560x_/supermercado/bcc_static/catalogImages/product/330626/330626.jpg"" width=""100%""> <p class=""title-product"">
Gamba blanca cocida 32/48 piezas Delfín 400 g.</p>"
Tiras de pota Congelados 500 g,"500 g. |
9,00 €/kg",,"4,50 €",,https://static.carrefour.es/hd_280x_/supermercado/bcc_static/catalogImages/product/466466/466466.jpg,"<img aria-describedby=""product-714518202"" alt=""Tiras de pota Congelados 500 g"" src=""https://static.carrefour.es/hd_280x_/supermercado/bcc_static/catalogImages/product/466466/466466.jpg"" srcset=""https://static.carrefour.es/hd_560x_/supermercado/bcc_static/catalogImages/product/466466/466466.jpg"" width=""100%""> <p class=""title-product"">
Tiras de pota Congelados 500 g</p>"
Filete de merluza sin piel bolsa 850 g,"850 g |
8,22 €/kg",,"6,99 €",,https://static.carrefour.es/hd_280x_/supermercado/bcc_static/catalogImages/product/991608/991608.jpg,"<img aria-describedby=""product-prod800195"" alt=""Filete de merluza sin piel bolsa 850 g"" src=""https://static.carrefour.es/hd_280x_/supermercado/bcc_static/catalogImages/product/991608/991608.jpg"" srcset=""https://static.carrefour.es/hd_560x_/supermercado/bcc_static/catalogImages/product/991608/991608.jpg"" width=""100%""> <p class=""title-product"">
Filete de merluza sin piel bolsa 850 g</p>"
Langostino cocido pelado grande Pescanova 200 g.,"200 g. |
21,00 €/kg",,"4,20 €",,https://static.carrefour.es/hd_280x_/supermercado/bcc_static/catalogImages/product/737177/737177.jpg,"<img aria-describedby=""product-527031454"" alt=""Langostino cocido pelado grande Pescanova 200 g."" src=""https://static.carrefour.es/hd_280x_/supermercado/bcc_static/catalogImages/product/737177/737177.jpg"" srcset=""https://static.carrefour.es/hd_560x_/supermercado/bcc_static/catalogImages/product/737177/737177.jpg"" width=""100%""> <p class=""title-product"">
Langostino cocido pelado grande Pescanova 200 g.</p>"
Tronquitos de Merluza del cabo Carrefour 500 g.,"500 g. |
5,80 €/kg",,"2,90 €",,https://static.carrefour.es/hd_280x_/supermercado/bcc_static/catalogImages/product/927916/927916.png,"<img aria-describedby=""product-807575378"" alt=""Tronquitos de Merluza del cabo Carrefour 500 g."" src=""https://static.carrefour.es/hd_280x_/supermercado/bcc_static/catalogImages/product/927916/927916.png"" srcset=""https://static.carrefour.es/hd_560x_/supermercado/bcc_static/catalogImages/product/927916/927916.png"" width=""100%""> <p class=""title-product"">
Tronquitos de Merluza del cabo Carrefour 500 g.</p>"
Langostino extra grande cocido 24/32 Carrefour 800 g.,"800 g. |
9,44 €/kg","7,55 €",,"9,75 €",https://static.carrefour.es/hd_280x_/supermercado/bcc_static/catalogImages/product/739355/739355.png,"<img aria-describedby=""product-745416036"" alt=""Langostino extra grande cocido 24/32 Carrefour 800 g."" src=""https://static.carrefour.es/hd_280x_/supermercado/bcc_static/catalogImages/product/739355/739355.png"" srcset=""https://static.carrefour.es/hd_560x_/supermercado/bcc_static/catalogImages/product/739355/739355.png"" width=""100%""> <p class=""title-product"">
Langostino extra grande cocido 24/32 Carrefour 800 g.</p>"
Filete de Merluza Argentina Carrefour 1 kg.,"1 kg. |
7,15 €/kg",,"7,15 €",,https://static.carrefour.es/hd_280x_/supermercado/bcc_static/catalogImages/product/954297/954297.png,"<img aria-describedby=""product-823818281"" alt=""Filete de Merluza Argentina Carrefour 1 kg."" src=""https://static.carrefour.es/hd_280x_/supermercado/bcc_static/catalogImages/product/954297/954297.png"" srcset=""https://static.carrefour.es/hd_560x_/supermercado/bcc_static/catalogImages/product/954297/954297.png"" width=""100%""> <p class=""title-product"">
Filete de Merluza Argentina Carrefour 1 kg.</p>"
Suprema de salmón noruego Summum Findus 300 g.,"300 g. |
29,83 €/kg",,"8,95 €",,https://static.carrefour.es/hd_280x_/supermercado/bcc_static/catalogImages/product/827075/827075.jpg,"<img aria-describedby=""product-prod460447"" alt=""Suprema de salmón noruego Summum Findus 300 g."" src=""https://static.carrefour.es/hd_280x_/supermercado/bcc_static/catalogImages/product/827075/827075.jpg"" srcset=""https://static.carrefour.es/hd_560x_/supermercado/bcc_static/catalogImages/product/827075/827075.jpg"" width=""100%""> <p class=""title-product"">
Suprema de salmón noruego Summum Findus 300 g.</p>"
Gamba pelada salvaje cruda congelada 53/88 piezas Grand Krust 600 g.,"600 g. |
18,32 €/kg","10,99 €",,"12,05 €",https://static.carrefour.es/hd_280x_/supermercado/bcc_static/catalogImages/product/951870/951870.png,"<img aria-describedby=""product-818615360"" alt=""Gamba pelada salvaje cruda congelada 53/88 piezas Grand Krust 600 g."" src=""https://static.carrefour.es/hd_280x_/supermercado/bcc_static/catalogImages/product/951870/951870.png"" srcset=""https://static.carrefour.es/hd_560x_/supermercado/bcc_static/catalogImages/product/951870/951870.png"" width=""100%""> <p class=""title-product"">
Gamba pelada salvaje cruda congelada 53/88 piezas Grand Krust 600 g.</p>"
Medallones de merluza argentina Carrefour 480 g.,"480 g. |
7,29 €/kg",,"3,50 €",,https://static.carrefour.es/hd_280x_/supermercado/bcc_static/catalogImages/product/144320/144320.jpg,"<img aria-describedby=""product-prod1090093"" alt=""Medallones de merluza argentina Carrefour 480 g."" src=""https://static.carrefour.es/hd_280x_/supermercado/bcc_static/catalogImages/product/144320/144320.jpg"" srcset=""https://static.carrefour.es/hd_560x_/supermercado/bcc_static/catalogImages/product/144320/144320.jpg"" width=""100%""> <p class=""title-product"">
Medallones de merluza argentina Carrefour 480 g.</p>"
Lomo de bacalao Carrefour 300 g.,"300 g. |
13,83 €/kg",,"4,15 €",,https://static.carrefour.es/hd_280x_/supermercado/bcc_static/catalogImages/product/904285/904285.png,"<img aria-describedby=""product-799398282"" alt=""Lomo de bacalao Carrefour 300 g."" src=""https://static.carrefour.es/hd_280x_/supermercado/bcc_static/catalogImages/product/904285/904285.png"" srcset=""https://static.carrefour.es/hd_560x_/supermercado/bcc_static/catalogImages/product/904285/904285.png"" width=""100%""> <p class=""title-product"">
Lomo de bacalao Carrefour 300 g.</p>"
Pulpo crudo congelado 1 kg aprox,"Bandeja de 1000.0 g. aprox |
12,99 €/kg",,"12,99 €",,https://static.carrefour.es/hd_280x_/supermercado/bcc_static/catalogImages/product/261252/261252.jpg,"<img aria-describedby=""product-526010647"" alt=""Pulpo crudo congelado 1 kg aprox"" src=""https://static.carrefour.es/hd_280x_/supermercado/bcc_static/catalogImages/product/261252/261252.jpg"" srcset=""https://static.carrefour.es/hd_560x_/supermercado/bcc_static/catalogImages/product/261252/261252.jpg"" width=""100%""> <p class=""title-product"">
Pulpo crudo congelado 1 kg aprox</p>"
Langostinos crudos 800 g.,"800 g. |
9,00 €/kg",,"7,20 €",,https://static.carrefour.es/hd_280x_/supermercado/bcc_static/catalogImages/product/897193/897193.jpg,"<img aria-describedby=""product-803482471"" alt=""Langostinos crudos 800 g."" src=""https://static.carrefour.es/hd_280x_/supermercado/bcc_static/catalogImages/product/897193/897193.jpg"" srcset=""https://static.carrefour.es/hd_560x_/supermercado/bcc_static/catalogImages/product/897193/897193.jpg"" width=""100%""> <p class=""title-product"">
Langostinos crudos 800 g.</p>"
Gambón nº2 congelado Carrefour 1 Kg aprox,"Envase de 1000.0 g. aprox |
10,90 €/kg",,"10,90 €",,https://static.carrefour.es/hd_280x_/supermercado/bcc_static/catalogImages/product/107834/107834.jpg,"<img aria-describedby=""product-542002023"" alt=""Gambón nº2 congelado Carrefour 1 Kg aprox  "" src=""https://static.carrefour.es/hd_280x_/supermercado/bcc_static/catalogImages/product/107834/107834.jpg"" srcset=""https://static.carrefour.es/hd_560x_/supermercado/bcc_static/catalogImages/product/107834/107834.jpg"" width=""100%""> <p class=""title-product"">
Gambón nº2 congelado Carrefour 1 Kg aprox  </p>"
Dados de rape Carrefour 450 g,"450 g. |
8,87 €/kg",,"3,99 €",,https://static.carrefour.es/hd_280x_/supermercado/bcc_static/catalogImages/product/829320/829320.jpg,"<img aria-describedby=""product-prod480250"" alt=""Dados de rape Carrefour 450 g"" src=""https://static.carrefour.es/hd_280x_/supermercado/bcc_static/catalogImages/product/829320/829320.jpg"" srcset=""https://static.carrefour.es/hd_560x_/supermercado/bcc_static/catalogImages/product/829320/829320.jpg"" width=""100%""> <p class=""title-product"">
Dados de rape Carrefour 450 g</p>"
Gamba blanca cruda Carrefour 400 g.,"400 g. |
14,25 €/kg",,"5,70 €",,https://static.carrefour.es/hd_280x_/supermercado/bcc_static/catalogImages/product/287102/287102.jpg,"<img aria-describedby=""product-577501577"" alt=""Gamba blanca cruda Carrefour 400 g."" src=""https://static.carrefour.es/hd_280x_/supermercado/bcc_static/catalogImages/product/287102/287102.jpg"" srcset=""https://static.carrefour.es/hd_560x_/supermercado/bcc_static/catalogImages/product/287102/287102.jpg"" width=""100%""> <p class=""title-product"">
Gamba blanca cruda Carrefour 400 g.</p>"
Gambas peladas crudas 80/120 Delfín 400 g.,"400 g. |
16,12 €/kg",,"6,45 €",,https://static.carrefour.es/hd_280x_/supermercado/bcc_static/catalogImages/product/832123/832123.jpg,"<img aria-describedby=""product-prod500336"" alt=""Gambas peladas crudas 80/120 Delfín 400 g."" src=""https://static.carrefour.es/hd_280x_/supermercado/bcc_static/catalogImages/product/832123/832123.jpg"" srcset=""https://static.carrefour.es/hd_560x_/supermercado/bcc_static/catalogImages/product/832123/832123.jpg"" width=""100%""> <p class=""title-product"">
Gambas peladas crudas 80/120 Delfín 400 g.</p>"
Boquerón limpio congelado Delfín 500 g.,"500 g. |
9,30 €/kg",,"4,65 €",,https://static.carrefour.es/hd_280x_/supermercado/bcc_static/catalogImages/product/025886/025886.jpg,"<img aria-describedby=""product-prod670171"" alt=""Boquerón limpio congelado Delfín 500 g."" src=""https://static.carrefour.es/hd_280x_/supermercado/bcc_static/catalogImages/product/025886/025886.jpg"" srcset=""https://static.carrefour.es/hd_560x_/supermercado/bcc_static/catalogImages/product/025886/025886.jpg"" width=""100%""> <p class=""title-product"">
Boquerón limpio congelado Delfín 500 g.</p>"
Rodajas de merluza argentina Carrefour 600 g.,"600 g. |
6,50 €/kg",,"3,90 €",,https://static.carrefour.es/hd_280x_/supermercado/bcc_static/catalogImages/product/937103/937103.png,"<img aria-describedby=""product-814300435"" alt=""Rodajas de merluza argentina Carrefour 600 g."" src=""https://static.carrefour.es/hd_280x_/supermercado/bcc_static/catalogImages/product/937103/937103.png"" srcset=""https://static.carrefour.es/hd_560x_/supermercado/bcc_static/catalogImages/product/937103/937103.png"" width=""100%""> <p class=""title-product"">
Rodajas de merluza argentina Carrefour 600 g.</p>"
Gambón 30-40 Carrefour 1 kg.,"1 kg. |
10,95 €/kg",,"10,95 €",,https://static.carrefour.es/hd_280x_/supermercado/bcc_static/catalogImages/product/273919/273919.jpg,"<img aria-describedby=""product-590504776"" alt=""Gambón 30-40 Carrefour 1 kg."" src=""https://static.carrefour.es/hd_280x_/supermercado/bcc_static/catalogImages/product/273919/273919.jpg"" srcset=""https://static.carrefour.es/hd_560x_/supermercado/bcc_static/catalogImages/product/273919/273919.jpg"" width=""100%""> <p class=""title-product"">
Gambón 30-40 Carrefour 1 kg.</p>"
,,,,,,
Rodaja  de tintorera 300 g aprox,"Envase de 300.0 g. aprox |
4,50 €/kg",,"1,35 €",,https://static.carrefour.es/hd_280x_/supermercado/bcc_static/catalogImages/product/853275/853275.jpg,"<img aria-describedby=""product-prod720923"" alt=""Rodaja  de tintorera 300 g aprox"" src=""https://static.carrefour.es/hd_280x_/supermercado/bcc_static/catalogImages/product/853275/853275.jpg"" srcset=""https://static.carrefour.es/hd_560x_/supermercado/bcc_static/catalogImages/product/853275/853275.jpg"" width=""100%""> <p class=""title-product"">
Rodaja  de tintorera 300 g aprox</p>"
Porciones de bacalao Pescanova 400 g.,"400 g. |
8,98 €/kg",,"3,59 €",,https://static.carrefour.es/hd_280x_/supermercado/bcc_static/catalogImages/product/736265/736265.jpg,"<img aria-describedby=""product-546501886"" alt=""Porciones de bacalao Pescanova 400 g."" src=""https://static.carrefour.es/hd_280x_/supermercado/bcc_static/catalogImages/product/736265/736265.jpg"" srcset=""https://static.carrefour.es/hd_560x_/supermercado/bcc_static/catalogImages/product/736265/736265.jpg"" width=""100%""> <p class=""title-product"">
Porciones de bacalao Pescanova 400 g.</p>"
Palito surimi 1 Kg,"1 Kg |
5,99 €/kg",,"5,99 €",,https://static.carrefour.es/hd_280x_/supermercado/bcc_static/catalogImages/product/257961/257961.jpg,"<img aria-describedby=""product-fprod1210220"" alt=""Palito surimi 1 Kg"" src=""https://static.carrefour.es/hd_280x_/supermercado/bcc_static/catalogImages/product/257961/257961.jpg"" srcset=""https://static.carrefour.es/hd_560x_/supermercado/bcc_static/catalogImages/product/257961/257961.jpg"" width=""100%""> <p class=""title-product"">
Palito surimi 1 Kg</p>"
Gamba pelada Pescanova 500 g.,"500 g. |
15,90 €/kg",,"7,95 €",,https://static.carrefour.es/hd_280x_/supermercado/bcc_static/catalogImages/product/875469/875469.jpg,"<img aria-describedby=""product-785318198"" alt=""Gamba pelada Pescanova 500 g."" src=""https://static.carrefour.es/hd_280x_/supermercado/bcc_static/catalogImages/product/875469/875469.jpg"" srcset=""https://static.carrefour.es/hd_560x_/supermercado/bcc_static/catalogImages/product/875469/875469.jpg"" width=""100%""> <p class=""title-product"">
Gamba pelada Pescanova 500 g.</p>"
Gambón extra grande crudo 14/21 piezas Carrefour 700 g.,"700 g. |
11,71 €/kg",,"8,20 €",,https://static.carrefour.es/hd_280x_/supermercado/bcc_static/catalogImages/product/736242/736242.jpg,"<img aria-describedby=""product-745415824"" alt=""Gambón extra grande crudo 14/21 piezas Carrefour 700 g."" src=""https://static.carrefour.es/hd_280x_/supermercado/bcc_static/catalogImages/product/736242/736242.jpg"" srcset=""https://static.carrefour.es/hd_560x_/supermercado/bcc_static/catalogImages/product/736242/736242.jpg"" width=""100%""> <p class=""title-product"">
Gambón extra grande crudo 14/21 piezas Carrefour 700 g.</p>"
Filete de abadejo sin piel ultracongelado Pecatrade 660 g,"660 g. |
6,05 €/kg",,"3,99 €",,https://static.carrefour.es/hd_280x_/supermercado/bcc_static/catalogImages/product/453929/453929.jpg,"<img aria-describedby=""product-prod381736"" alt=""Filete de abadejo sin piel ultracongelado Pecatrade 660 g"" src=""https://static.carrefour.es/hd_280x_/supermercado/bcc_static/catalogImages/product/453929/453929.jpg"" srcset=""https://static.carrefour.es/hd_560x_/supermercado/bcc_static/catalogImages/product/453929/453929.jpg"" width=""100%""> <p class=""title-product"">
Filete de abadejo sin piel ultracongelado Pecatrade 660 g</p>"
Filete de rosada congelado Aquamar Gold 540 g,"540 g. |
15,74 €/kg",,"8,50 €",,https://static.carrefour.es/hd_280x_/supermercado/bcc_static/catalogImages/product/977417/977417.jpg,"<img aria-describedby=""product-prod840106"" alt=""Filete de rosada congelado Aquamar Gold 540 g"" src=""https://static.carrefour.es/hd_280x_/supermercado/bcc_static/catalogImages/product/977417/977417.jpg"" srcset=""https://static.carrefour.es/hd_560x_/supermercado/bcc_static/catalogImages/product/977417/977417.jpg"" width=""100%""> <p class=""title-product"">
Filete de rosada congelado Aquamar Gold 540 g</p>"
Gamba pelada cruda congelada Grand Krust 300 g.,"300 g. |
17,33 €/kg",,"5,20 €",,https://static.carrefour.es/hd_280x_/supermercado/bcc_static/catalogImages/product/951872/951872.png,"<img aria-describedby=""product-819114874"" alt=""Gamba pelada cruda congelada Grand Krust 300 g."" src=""https://static.carrefour.es/hd_280x_/supermercado/bcc_static/catalogImages/product/951872/951872.png"" srcset=""https://static.carrefour.es/hd_560x_/supermercado/bcc_static/catalogImages/product/951872/951872.png"" width=""100%""> <p class=""title-product"">
Gamba pelada cruda congelada Grand Krust 300 g.</p>"
Calamar limpio 500 g,"500 g. |
13,00 €/kg",,"6,50 €",,https://static.carrefour.es/hd_280x_/supermercado/bcc_static/catalogImages/product/808908/808908.jpg,"<img aria-describedby=""product-632902030"" alt=""Calamar limpio 500 g"" src=""https://static.carrefour.es/hd_280x_/supermercado/bcc_static/catalogImages/product/808908/808908.jpg"" srcset=""https://static.carrefour.es/hd_560x_/supermercado/bcc_static/catalogImages/product/808908/808908.jpg"" width=""100%""> <p class=""title-product"">
Calamar limpio 500 g</p>"
Lomos de bacalao Pescanova 300 g.,"300 g. |
16,83 €/kg",,"5,05 €",,https://static.carrefour.es/hd_280x_/supermercado/bcc_static/catalogImages/product/546274/546274.jpg,"<img aria-describedby=""product-521031259"" alt=""Lomos de bacalao Pescanova 300 g."" src=""https://static.carrefour.es/hd_280x_/supermercado/bcc_static/catalogImages/product/546274/546274.jpg"" srcset=""https://static.carrefour.es/hd_560x_/supermercado/bcc_static/catalogImages/product/546274/546274.jpg"" width=""100%""> <p class=""title-product"">
Lomos de bacalao Pescanova 300 g.</p>"
Rejo potón pacífico cocido y troceado 400 g,"400 g. |
11,25 €/kg",,"4,50 €",,https://static.carrefour.es/hd_280x_/supermercado/bcc_static/catalogImages/product/890816/890816.jpg,"<img aria-describedby=""product-792905221"" alt=""Rejo potón pacífico cocido y troceado 400 g"" src=""https://static.carrefour.es/hd_280x_/supermercado/bcc_static/catalogImages/product/890816/890816.jpg"" srcset=""https://static.carrefour.es/hd_560x_/supermercado/bcc_static/catalogImages/product/890816/890816.jpg"" width=""100%""> <p class=""title-product"">
Rejo potón pacífico cocido y troceado 400 g</p>"
Ventrescas merluza con piel Carrefour 400 g.,"400 g. |
7,38 €/kg",,"2,95 €",,https://static.carrefour.es/hd_280x_/supermercado/bcc_static/catalogImages/product/394487/394487.png,"<img aria-describedby=""product-607902702"" alt=""Ventrescas merluza con piel Carrefour 400 g."" src=""https://static.carrefour.es/hd_280x_/supermercado/bcc_static/catalogImages/product/394487/394487.png"" srcset=""https://static.carrefour.es/hd_560x_/supermercado/bcc_static/catalogImages/product/394487/394487.png"" width=""100%""> <p class=""title-product"">
Ventrescas merluza con piel Carrefour 400 g.</p>"
Supremas de atun 250 grs,"250 g |
15,96 €/kg",,"3,99 €",,https://static.carrefour.es/hd_280x_/supermercado/bcc_static/catalogImages/product/972308/972308.jpg,"<img aria-describedby=""product-fprod1220401"" alt=""Supremas de atun 250 grs"" src=""https://static.carrefour.es/hd_280x_/supermercado/bcc_static/catalogImages/product/972308/972308.jpg"" srcset=""https://static.carrefour.es/hd_560x_/supermercado/bcc_static/catalogImages/product/972308/972308.jpg"" width=""100%""> <p class=""title-product"">
Supremas de atun 250 grs</p>"
Almeja juliana Carrefour 500 g,"500 g. |
5,98 €/kg",,"2,99 €",,https://static.carrefour.es/hd_280x_/supermercado/bcc_static/catalogImages/product/887929/887929.jpg,"<img aria-describedby=""product-791826278"" alt=""Almeja juliana Carrefour 500 g"" src=""https://static.carrefour.es/hd_280x_/supermercado/bcc_static/catalogImages/product/887929/887929.jpg"" srcset=""https://static.carrefour.es/hd_560x_/supermercado/bcc_static/catalogImages/product/887929/887929.jpg"" width=""100%""> <p class=""title-product"">
Almeja juliana Carrefour 500 g</p>"
Rodaja de merluza Carrefour 400 g,"400 g. |
8,12 €/kg",,"3,25 €",,https://static.carrefour.es/hd_280x_/supermercado/bcc_static/catalogImages/product/914880/914880.jpg,"<img aria-describedby=""product-805505103"" alt=""Rodaja de merluza Carrefour 400 g"" src=""https://static.carrefour.es/hd_280x_/supermercado/bcc_static/catalogImages/product/914880/914880.jpg"" srcset=""https://static.carrefour.es/hd_560x_/supermercado/bcc_static/catalogImages/product/914880/914880.jpg"" width=""100%""> <p class=""title-product"">
Rodaja de merluza Carrefour 400 g</p>"
Anilla de pota argentina 500 g,"500 g. |
11,98 €/kg",,"5,99 €",,https://static.carrefour.es/hd_280x_/supermercado/bcc_static/catalogImages/product/791188/791188.jpg,"<img aria-describedby=""product-526010757"" alt=""Anilla de pota argentina 500 g"" src=""https://static.carrefour.es/hd_280x_/supermercado/bcc_static/catalogImages/product/791188/791188.jpg"" srcset=""https://static.carrefour.es/hd_560x_/supermercado/bcc_static/catalogImages/product/791188/791188.jpg"" width=""100%""> <p class=""title-product"">
Anilla de pota argentina 500 g</p>"
Puntilla 450 g,"450 g |
12,22 €/kg",,"5,50 €",,https://static.carrefour.es/hd_280x_/supermercado/bcc_static/catalogImages/product/688164/688164.jpg,"<img aria-describedby=""product-525888245"" alt=""Puntilla 450 g"" src=""https://static.carrefour.es/hd_280x_/supermercado/bcc_static/catalogImages/product/688164/688164.jpg"" srcset=""https://static.carrefour.es/hd_560x_/supermercado/bcc_static/catalogImages/product/688164/688164.jpg"" width=""100%""> <p class=""title-product"">
Puntilla 450 g</p>"
Calamar Patagónico congelado L. Freire 500 g,"Envase de |
7,90 €/kg",,"3,95 €",,https://static.carrefour.es/hd_280x_/supermercado/bcc_static/catalogImages/product/303982/303982.jpg,"<img aria-describedby=""product-fprod1260023"" alt=""Calamar Patagónico congelado L. Freire 500 g"" src=""https://static.carrefour.es/hd_280x_/supermercado/bcc_static/catalogImages/product/303982/303982.jpg"" srcset=""https://static.carrefour.es/hd_560x_/supermercado/bcc_static/catalogImages/product/303982/303982.jpg"" width=""100%""> <p class=""title-product"">
Calamar Patagónico congelado L. Freire 500 g</p>"
Bacalao dorado Armazens Mercearia Marvanejo 240 g.,"240 g. |
11,46 €/kg",,"2,75 €",,https://static.carrefour.es/hd_280x_/supermercado/bcc_static/catalogImages/product/075453/075453.png,"<img aria-describedby=""product-530067158"" alt=""Bacalao dorado Armazens Mercearia Marvanejo 240 g."" src=""https://static.carrefour.es/hd_280x_/supermercado/bcc_static/catalogImages/product/075453/075453.png"" srcset=""https://static.carrefour.es/hd_560x_/supermercado/bcc_static/catalogImages/product/075453/075453.png"" width=""100%""> <p class=""title-product"">
Bacalao dorado Armazens Mercearia Marvanejo 240 g.</p>"
Langostino crudo Carrefour 800 g.,"800 g. |
9,69 €/kg",,"7,75 €",,https://static.carrefour.es/hd_280x_/supermercado/bcc_static/catalogImages/product/799826/799826.png,"<img aria-describedby=""product-521031182"" alt=""Langostino crudo Carrefour 800 g."" src=""https://static.carrefour.es/hd_280x_/supermercado/bcc_static/catalogImages/product/799826/799826.png"" srcset=""https://static.carrefour.es/hd_560x_/supermercado/bcc_static/catalogImages/product/799826/799826.png"" width=""100%""> <p class=""title-product"">
Langostino crudo Carrefour 800 g.</p>"
Filete de merluza sin piel argentina 750 g,"750 g |
9,32 €/kg",,"6,99 €",,https://static.carrefour.es/hd_280x_/supermercado/bcc_static/catalogImages/product/378813/378813.jpg,"<img aria-describedby=""product-prod860031"" alt=""Filete de merluza sin piel argentina 750 g"" src=""https://static.carrefour.es/hd_280x_/supermercado/bcc_static/catalogImages/product/378813/378813.jpg"" srcset=""https://static.carrefour.es/hd_560x_/supermercado/bcc_static/catalogImages/product/378813/378813.jpg"" width=""100%""> <p class=""title-product"">
Filete de merluza sin piel argentina 750 g</p>"
Filete rape sin piel Pescanova 250 g.,"250 g. |
33,80 €/kg",,"8,45 €",,https://static.carrefour.es/hd_280x_/supermercado/bcc_static/catalogImages/product/046301/046301.jpg,"<img aria-describedby=""product-624601395"" alt=""Filete rape sin piel Pescanova 250 g."" src=""https://static.carrefour.es/hd_280x_/supermercado/bcc_static/catalogImages/product/046301/046301.jpg"" srcset=""https://static.carrefour.es/hd_560x_/supermercado/bcc_static/catalogImages/product/046301/046301.jpg"" width=""100%""> <p class=""title-product"">
Filete rape sin piel Pescanova 250 g.</p>"
Gambón Carrefour 550 g.,"550 g. |
11,00 €/kg",,"6,05 €",,https://static.carrefour.es/hd_280x_/supermercado/bcc_static/catalogImages/product/799369/799369.png,"<img aria-describedby=""product-521031176"" alt=""Gambón Carrefour 550 g."" src=""https://static.carrefour.es/hd_280x_/supermercado/bcc_static/catalogImages/product/799369/799369.png"" srcset=""https://static.carrefour.es/hd_560x_/supermercado/bcc_static/catalogImages/product/799369/799369.png"" width=""100%""> <p class=""title-product"">
Gambón Carrefour 550 g.</p>"
Filete de atun congelado 170 g,"170 g |
26,47 €/kg",,"4,50 €",,https://static.carrefour.es/hd_280x_/supermercado/bcc_static/catalogImages/product/855136/855136.jpg,"<img aria-describedby=""product-prod730762"" alt=""Filete de atun congelado 170 g"" src=""https://static.carrefour.es/hd_280x_/supermercado/bcc_static/catalogImages/product/855136/855136.jpg"" srcset=""https://static.carrefour.es/hd_560x_/supermercado/bcc_static/catalogImages/product/855136/855136.jpg"" width=""100%""> <p class=""title-product"">
Filete de atun congelado 170 g</p>"
,,,,,,
Langostino vannamei cocido 60/68 800 g.,"800 g. |
9,00 €/kg",,"7,20 €",,https://static.carrefour.es/hd_280x_/supermercado/bcc_static/catalogImages/product/287642/287642.png,"<img aria-describedby=""product-590505232"" alt=""Langostino vannamei cocido 60/68 800 g."" src=""https://static.carrefour.es/hd_280x_/supermercado/bcc_static/catalogImages/product/287642/287642.png"" srcset=""https://static.carrefour.es/hd_560x_/supermercado/bcc_static/catalogImages/product/287642/287642.png"" width=""100%""> <p class=""title-product"">
Langostino vannamei cocido 60/68 800 g.</p>"
Filetes de dorada Summum Findus 200 g.,"200 g. |
29,50 €/kg",,"5,90 €",,https://static.carrefour.es/hd_280x_/supermercado/bcc_static/catalogImages/product/143772/143772.jpg,"<img aria-describedby=""product-prod1090002"" alt=""Filetes de dorada Summum Findus 200 g."" src=""https://static.carrefour.es/hd_280x_/supermercado/bcc_static/catalogImages/product/143772/143772.jpg"" srcset=""https://static.carrefour.es/hd_560x_/supermercado/bcc_static/catalogImages/product/143772/143772.jpg"" width=""100%""> <p class=""title-product"">
Filetes de dorada Summum Findus 200 g.</p>"
Suprema de atún Findus 250 g.,"250 g. |
26,20 €/kg",,"6,55 €",,https://static.carrefour.es/hd_280x_/supermercado/bcc_static/catalogImages/product/946262/946262.png,"<img aria-describedby=""product-819255878"" alt=""Suprema de atún Findus 250 g."" src=""https://static.carrefour.es/hd_280x_/supermercado/bcc_static/catalogImages/product/946262/946262.png"" srcset=""https://static.carrefour.es/hd_560x_/supermercado/bcc_static/catalogImages/product/946262/946262.png"" width=""100%""> <p class=""title-product"">
Suprema de atún Findus 250 g.</p>"
Filetes de merluza sin piel Antonio y Ricardo 500 g.,"500 g. |
8,60 €/kg",,"4,30 €",,https://static.carrefour.es/hd_280x_/supermercado/bcc_static/catalogImages/product/765980/765980.png,"<img aria-describedby=""product-756701020"" alt=""Filetes de merluza sin piel Antonio y Ricardo 500 g."" src=""https://static.carrefour.es/hd_280x_/supermercado/bcc_static/catalogImages/product/765980/765980.png"" srcset=""https://static.carrefour.es/hd_560x_/supermercado/bcc_static/catalogImages/product/765980/765980.png"" width=""100%""> <p class=""title-product"">
Filetes de merluza sin piel Antonio y Ricardo 500 g.</p>"
Filete de tilapia sin piel 600 g,"600 g |
8,32 €/kg",,"4,99 €",,https://static.carrefour.es/hd_280x_/supermercado/bcc_static/catalogImages/product/859548/859548.jpg,"<img aria-describedby=""product-prod760151"" alt=""Filete de tilapia sin piel 600 g"" src=""https://static.carrefour.es/hd_280x_/supermercado/bcc_static/catalogImages/product/859548/859548.jpg"" srcset=""https://static.carrefour.es/hd_560x_/supermercado/bcc_static/catalogImages/product/859548/859548.jpg"" width=""100%""> <p class=""title-product"">
Filete de tilapia sin piel 600 g</p>"
Bocados de atún Campos 250 g.,"250 g. |
14,76 €/kg",,"3,69 €",,https://static.carrefour.es/hd_280x_/supermercado/bcc_static/catalogImages/product/823627/823627.jpg,"<img aria-describedby=""product-prod430060"" alt=""Bocados de atún Campos 250 g."" src=""https://static.carrefour.es/hd_280x_/supermercado/bcc_static/catalogImages/product/823627/823627.jpg"" srcset=""https://static.carrefour.es/hd_560x_/supermercado/bcc_static/catalogImages/product/823627/823627.jpg"" width=""100%""> <p class=""title-product"">
Bocados de atún Campos 250 g.</p>"
Mejillon cocido ultracongelado 500 g,"500 g |
7,98 €/kg",,"3,99 €",,https://static.carrefour.es/hd_280x_/supermercado/bcc_static/catalogImages/product/854274/854274.jpg,"<img aria-describedby=""product-prod730564"" alt=""Mejillon cocido ultracongelado 500 g"" src=""https://static.carrefour.es/hd_280x_/supermercado/bcc_static/catalogImages/product/854274/854274.jpg"" srcset=""https://static.carrefour.es/hd_560x_/supermercado/bcc_static/catalogImages/product/854274/854274.jpg"" width=""100%""> <p class=""title-product"">
Mejillon cocido ultracongelado 500 g</p>"
Lomo de salmon Carrefour 2 x 100 g,"200 g |
29,95 €/kg",,"5,99 €",,https://static.carrefour.es/hd_280x_/supermercado/bcc_static/catalogImages/product/330654/330654.jpg,"<img aria-describedby=""product-fprod1280412"" alt=""Lomo de salmon Carrefour 2 x 100 g"" src=""https://static.carrefour.es/hd_280x_/supermercado/bcc_static/catalogImages/product/330654/330654.jpg"" srcset=""https://static.carrefour.es/hd_560x_/supermercado/bcc_static/catalogImages/product/330654/330654.jpg"" width=""100%""> <p class=""title-product"">
Lomo de salmon Carrefour 2 x 100 g</p>"
Lenguado Aquamar Gold 600 g,"600 g. |
9,98 €/kg",,"5,99 €",,https://static.carrefour.es/hd_280x_/supermercado/bcc_static/catalogImages/product/749029/749029.jpg,"<img aria-describedby=""product-prod260659"" alt=""Lenguado Aquamar Gold 600 g"" src=""https://static.carrefour.es/hd_280x_/supermercado/bcc_static/catalogImages/product/749029/749029.jpg"" srcset=""https://static.carrefour.es/hd_560x_/supermercado/bcc_static/catalogImages/product/749029/749029.jpg"" width=""100%""> <p class=""title-product"">
Lenguado Aquamar Gold 600 g</p>"
Carne de Vieira Carrefour 400 g.,"400 g. |
25,62 €/kg",,"10,25 €",,https://static.carrefour.es/hd_280x_/supermercado/bcc_static/catalogImages/product/279293/279293.png,"<img aria-describedby=""product-526501234"" alt=""Carne de Vieira Carrefour 400 g."" src=""https://static.carrefour.es/hd_280x_/supermercado/bcc_static/catalogImages/product/279293/279293.png"" srcset=""https://static.carrefour.es/hd_560x_/supermercado/bcc_static/catalogImages/product/279293/279293.png"" width=""100%""> <p class=""title-product"">
Carne de Vieira Carrefour 400 g.</p>"
Porciones de halibut Alaska Aligator 400 g,"400g. |
9,98 €/kg",,"3,99 €",,https://static.carrefour.es/hd_280x_/supermercado/bcc_static/catalogImages/product/869085/869085.jpg,"<img aria-describedby=""product-825502600"" alt=""Porciones de halibut Alaska Aligator 400 g"" src=""https://static.carrefour.es/hd_280x_/supermercado/bcc_static/catalogImages/product/869085/869085.jpg"" srcset=""https://static.carrefour.es/hd_560x_/supermercado/bcc_static/catalogImages/product/869085/869085.jpg"" width=""100%""> <p class=""title-product"">
Porciones de halibut Alaska Aligator 400 g</p>"
Gambones crudos ultracongelados Pescatrade 500 g.,"500 g. |
12,40 €/kg",,"6,20 €",,https://static.carrefour.es/hd_280x_/supermercado/bcc_static/catalogImages/product/913876/913876.jpg,"<img aria-describedby=""product-804269783"" alt=""Gambones crudos ultracongelados Pescatrade 500 g."" src=""https://static.carrefour.es/hd_280x_/supermercado/bcc_static/catalogImages/product/913876/913876.jpg"" srcset=""https://static.carrefour.es/hd_560x_/supermercado/bcc_static/catalogImages/product/913876/913876.jpg"" width=""100%""> <p class=""title-product"">
Gambones crudos ultracongelados Pescatrade 500 g.</p>"
Cola de gambón pelado congelado Carrefour 400 g,"400 g. |
22,48 €/kg",,"8,99 €",,https://static.carrefour.es/hd_280x_/supermercado/bcc_static/catalogImages/product/945577/945577.jpg,"<img aria-describedby=""product-825914811"" alt=""Cola de gambón pelado congelado Carrefour 400 g"" src=""https://static.carrefour.es/hd_280x_/supermercado/bcc_static/catalogImages/product/945577/945577.jpg"" srcset=""https://static.carrefour.es/hd_560x_/supermercado/bcc_static/catalogImages/product/945577/945577.jpg"" width=""100%""> <p class=""title-product"">
Cola de gambón pelado congelado Carrefour 400 g</p>"
Filete de merluza del Cabo sin piel Carrefour 510 g,"510 g. |
11,75 €/kg",,"5,99 €",,https://static.carrefour.es/hd_280x_/supermercado/bcc_static/catalogImages/product/887933/887933.jpg,"<img aria-describedby=""product-prod350514"" alt=""Filete de merluza del Cabo sin piel Carrefour 510 g"" src=""https://static.carrefour.es/hd_280x_/supermercado/bcc_static/catalogImages/product/887933/887933.jpg"" srcset=""https://static.carrefour.es/hd_560x_/supermercado/bcc_static/catalogImages/product/887933/887933.jpg"" width=""100%""> <p class=""title-product"">
Filete de merluza del Cabo sin piel Carrefour 510 g</p>"
Gamba blanca cocida Carrefour 500 g.,"500 g. |
11,90 €/kg",,"5,95 €",,https://static.carrefour.es/hd_280x_/supermercado/bcc_static/catalogImages/product/124267/124267.jpg,"<img aria-describedby=""product-prod1060160"" alt=""Gamba blanca cocida Carrefour 500 g."" src=""https://static.carrefour.es/hd_280x_/supermercado/bcc_static/catalogImages/product/124267/124267.jpg"" srcset=""https://static.carrefour.es/hd_560x_/supermercado/bcc_static/catalogImages/product/124267/124267.jpg"" width=""100%""> <p class=""title-product"">
Gamba blanca cocida Carrefour 500 g.</p>"
Gamba cocida congelada Carrefour 600 g,"600 g. |
16,65 €/kg",,"9,99 €",,https://static.carrefour.es/hd_280x_/supermercado/bcc_static/catalogImages/product/940931/940931.png,"<img aria-describedby=""product-827617967"" alt=""Gamba cocida congelada Carrefour 600 g"" src=""https://static.carrefour.es/hd_280x_/supermercado/bcc_static/catalogImages/product/940931/940931.png"" srcset=""https://static.carrefour.es/hd_560x_/supermercado/bcc_static/catalogImages/product/940931/940931.png"" width=""100%""> <p class=""title-product"">
Gamba cocida congelada Carrefour 600 g</p>"
Langostino cocido ecológico congelado Carrefour 600 g,"600 g. |
19,98 €/kg",,"11,99 €",,https://static.carrefour.es/hd_280x_/supermercado/bcc_static/catalogImages/product/833119/833119.jpg,"<img aria-describedby=""product-prod520180"" alt=""Langostino cocido ecológico congelado Carrefour 600 g"" src=""https://static.carrefour.es/hd_280x_/supermercado/bcc_static/catalogImages/product/833119/833119.jpg"" srcset=""https://static.carrefour.es/hd_560x_/supermercado/bcc_static/catalogImages/product/833119/833119.jpg"" width=""100%""> <p class=""title-product"">
Langostino cocido ecológico congelado Carrefour 600 g</p>"
Boquerón 700 g,"700 g |
5,70 €/kg",,"3,99 €",,https://static.carrefour.es/hd_280x_/supermercado/bcc_static/catalogImages/product/214886/214886.jpg,"<img aria-describedby=""product-prod1170092"" alt=""Boquerón 700 g"" src=""https://static.carrefour.es/hd_280x_/supermercado/bcc_static/catalogImages/product/214886/214886.jpg"" srcset=""https://static.carrefour.es/hd_560x_/supermercado/bcc_static/catalogImages/product/214886/214886.jpg"" width=""100%""> <p class=""title-product"">
Boquerón 700 g</p>"
Langostino extra crudo Pescanova 800 g.,"800 g. |
18,31 €/kg",,"14,65 €",,https://static.carrefour.es/hd_280x_/supermercado/bcc_static/catalogImages/product/755639/755639.jpg,"<img aria-describedby=""product-521035971"" alt=""Langostino extra crudo Pescanova 800 g."" src=""https://static.carrefour.es/hd_280x_/supermercado/bcc_static/catalogImages/product/755639/755639.jpg"" srcset=""https://static.carrefour.es/hd_560x_/supermercado/bcc_static/catalogImages/product/755639/755639.jpg"" width=""100%""> <p class=""title-product"">
Langostino extra crudo Pescanova 800 g.</p>"
Porciones de abadejo de Alaska Aligator 480 g,"480 g. |
6,77 €/kg",,"3,25 €",,https://static.carrefour.es/hd_280x_/supermercado/bcc_static/catalogImages/product/808906/808906.jpg,"<img aria-describedby=""product-712703772"" alt=""Porciones de abadejo de Alaska Aligator 480 g"" src=""https://static.carrefour.es/hd_280x_/supermercado/bcc_static/catalogImages/product/808906/808906.jpg"" srcset=""https://static.carrefour.es/hd_560x_/supermercado/bcc_static/catalogImages/product/808906/808906.jpg"" width=""100%""> <p class=""title-product"">
Porciones de abadejo de Alaska Aligator 480 g</p>"
Navajas crudas Carrefour 500 g.,"500 g. |
7,18 €/kg",,"3,59 €",,https://static.carrefour.es/hd_280x_/supermercado/bcc_static/catalogImages/product/124940/124940.jpg,"<img aria-describedby=""product-530014395"" alt=""Navajas crudas Carrefour 500 g."" src=""https://static.carrefour.es/hd_280x_/supermercado/bcc_static/catalogImages/product/124940/124940.jpg"" srcset=""https://static.carrefour.es/hd_560x_/supermercado/bcc_static/catalogImages/product/124940/124940.jpg"" width=""100%""> <p class=""title-product"">
Navajas crudas Carrefour 500 g.</p>"
Gamba cocida gambafresh 800 g.,"800 g. |
9,00 €/kg",,"7,20 €",,https://static.carrefour.es/hd_280x_/supermercado/bcc_static/catalogImages/product/734633/734633.png,"<img aria-describedby=""product-745728662"" alt=""Gamba cocida gambafresh 800 g."" src=""https://static.carrefour.es/hd_280x_/supermercado/bcc_static/catalogImages/product/734633/734633.png"" srcset=""https://static.carrefour.es/hd_560x_/supermercado/bcc_static/catalogImages/product/734633/734633.png"" width=""100%""> <p class=""title-product"">
Gamba cocida gambafresh 800 g.</p>"
Lomo de salmón sin espinas Royal 500 g,"500 g. |
39,98 €/kg",,"19,99 €",,https://static.carrefour.es/hd_280x_/supermercado/bcc_static/catalogImages/product/045218/045218.jpg,"<img aria-describedby=""product-850500605"" alt=""Lomo de salmón sin espinas Royal 500 g"" src=""https://static.carrefour.es/hd_280x_/supermercado/bcc_static/catalogImages/product/045218/045218.jpg"" srcset=""https://static.carrefour.es/hd_560x_/supermercado/bcc_static/catalogImages/product/045218/045218.jpg"" width=""100%""> <p class=""title-product"">
Lomo de salmón sin espinas Royal 500 g</p>"
Pez espada filete bolsa 700 g,"700 g |
12,79 €/kg",,"8,95 €",,https://static.carrefour.es/hd_280x_/supermercado/bcc_static/catalogImages/product/214920/214920.jpg,"<img aria-describedby=""product-prod1170115"" alt=""Pez espada filete bolsa 700 g"" src=""https://static.carrefour.es/hd_280x_/supermercado/bcc_static/catalogImages/product/214920/214920.jpg"" srcset=""https://static.carrefour.es/hd_560x_/supermercado/bcc_static/catalogImages/product/214920/214920.jpg"" width=""100%""> <p class=""title-product"">
Pez espada filete bolsa 700 g</p>"
,,,,,,
Almejas japonesas crudas ultracongeladas Pescatrade 300 g.,"300 g. |
10,33 €/kg",,"3,10 €",,https://static.carrefour.es/hd_280x_/supermercado/bcc_static/catalogImages/product/059526/059526.jpg,"<img aria-describedby=""product-prod970678"" alt=""Almejas japonesas crudas ultracongeladas Pescatrade 300 g."" src=""https://static.carrefour.es/hd_280x_/supermercado/bcc_static/catalogImages/product/059526/059526.jpg"" srcset=""https://static.carrefour.es/hd_560x_/supermercado/bcc_static/catalogImages/product/059526/059526.jpg"" width=""100%""> <p class=""title-product"">
Almejas japonesas crudas ultracongeladas Pescatrade 300 g.</p>"
Mejillón media concha Carrefour 400 g.,"400 g. |
5,25 €/kg",,"2,10 €",,https://static.carrefour.es/hd_280x_/supermercado/bcc_static/catalogImages/product/278506/278506.png,"<img aria-describedby=""product-526501226"" alt=""Mejillón media concha Carrefour 400 g."" src=""https://static.carrefour.es/hd_280x_/supermercado/bcc_static/catalogImages/product/278506/278506.png"" srcset=""https://static.carrefour.es/hd_560x_/supermercado/bcc_static/catalogImages/product/278506/278506.png"" width=""100%""> <p class=""title-product"">
Mejillón media concha Carrefour 400 g.</p>"
Merluza tronquito en bolsa 800 g,"800 g |
5,31 €/kg",,"4,25 €",,https://static.carrefour.es/hd_280x_/supermercado/bcc_static/catalogImages/product/214975/214975.jpg,"<img aria-describedby=""product-prod1170119"" alt=""Merluza tronquito en bolsa 800 g"" src=""https://static.carrefour.es/hd_280x_/supermercado/bcc_static/catalogImages/product/214975/214975.jpg"" srcset=""https://static.carrefour.es/hd_560x_/supermercado/bcc_static/catalogImages/product/214975/214975.jpg"" width=""100%""> <p class=""title-product"">
Merluza tronquito en bolsa 800 g</p>"
Troceado de pota 500 g,"500 g. |
9,00 €/kg",,"4,50 €",,https://static.carrefour.es/hd_280x_/supermercado/bcc_static/catalogImages/product/688167/688167.jpg,"<img aria-describedby=""product-525888247"" alt=""Troceado de pota 500 g"" src=""https://static.carrefour.es/hd_280x_/supermercado/bcc_static/catalogImages/product/688167/688167.jpg"" srcset=""https://static.carrefour.es/hd_560x_/supermercado/bcc_static/catalogImages/product/688167/688167.jpg"" width=""100%""> <p class=""title-product"">
Troceado de pota 500 g</p>"
Lomos de salmón noruego marinado al limon y pimienta Carrefour 2 x 100 g,"200 g |
29,95 €/kg",,"5,99 €",,https://static.carrefour.es/hd_280x_/supermercado/bcc_static/catalogImages/product/330646/330646.jpg,"<img aria-describedby=""product-fprod1280458"" alt=""Lomos de salmón noruego marinado al limon y pimienta Carrefour 2 x 100 g"" src=""https://static.carrefour.es/hd_280x_/supermercado/bcc_static/catalogImages/product/330646/330646.jpg"" srcset=""https://static.carrefour.es/hd_560x_/supermercado/bcc_static/catalogImages/product/330646/330646.jpg"" width=""100%""> <p class=""title-product"">
Lomos de salmón noruego marinado al limon y pimienta Carrefour 2 x 100 g</p>"
Angulis Manterola 200 g,"200 g |
11,25 €/kg",,"2,25 €",,https://static.carrefour.es/hd_280x_/supermercado/bcc_static/catalogImages/product/749983/749983.jpg,"<img aria-describedby=""product-prod830463"" alt=""Angulis Manterola 200 g"" src=""https://static.carrefour.es/hd_280x_/supermercado/bcc_static/catalogImages/product/749983/749983.jpg"" srcset=""https://static.carrefour.es/hd_560x_/supermercado/bcc_static/catalogImages/product/749983/749983.jpg"" width=""100%""> <p class=""title-product"">
Angulis Manterola 200 g</p>"
Cola de gambón peladas crudas ultracongelada Pescatrade 270 g.,"270 g. |
22,04 €/kg",,"5,95 €",,https://static.carrefour.es/hd_280x_/supermercado/bcc_static/catalogImages/product/154562/154562.jpg,"<img aria-describedby=""product-864900589"" alt=""Cola de gambón peladas crudas ultracongelada Pescatrade 270 g."" src=""https://static.carrefour.es/hd_280x_/supermercado/bcc_static/catalogImages/product/154562/154562.jpg"" srcset=""https://static.carrefour.es/hd_560x_/supermercado/bcc_static/catalogImages/product/154562/154562.jpg"" width=""100%""> <p class=""title-product"">
Cola de gambón peladas crudas ultracongelada Pescatrade 270 g.</p>"
Taco de bacalao extra Carrefour 400 g,"400 g. |
17,48 €/kg",,"6,99 €",,https://static.carrefour.es/hd_280x_/supermercado/bcc_static/catalogImages/product/754221/754221.jpg,"<img aria-describedby=""product-640301723"" alt=""Taco de bacalao extra Carrefour 400 g"" src=""https://static.carrefour.es/hd_280x_/supermercado/bcc_static/catalogImages/product/754221/754221.jpg"" srcset=""https://static.carrefour.es/hd_560x_/supermercado/bcc_static/catalogImages/product/754221/754221.jpg"" width=""100%""> <p class=""title-product"">
Taco de bacalao extra Carrefour 400 g</p>"
Bogavante crudo Carrefour 1 ud,"1 ud. |
9,90 €/ud",,"9,90 €",,https://static.carrefour.es/hd_280x_/supermercado/bcc_static/catalogImages/product/113929/113929.jpg,"<img aria-describedby=""product-564701501"" alt=""Bogavante crudo Carrefour 1 ud"" src=""https://static.carrefour.es/hd_280x_/supermercado/bcc_static/catalogImages/product/113929/113929.jpg"" srcset=""https://static.carrefour.es/hd_560x_/supermercado/bcc_static/catalogImages/product/113929/113929.jpg"" width=""100%""> <p class=""title-product"">
Bogavante crudo Carrefour 1 ud</p>"
Medallones de merluza Antonio y Ricardo 500 g.,"500 g. |
7,18 €/kg",,"3,59 €",,https://static.carrefour.es/hd_280x_/supermercado/bcc_static/catalogImages/product/765973/765973.jpg,"<img aria-describedby=""product-prod60533"" alt=""Medallones de merluza Antonio y Ricardo 500 g."" src=""https://static.carrefour.es/hd_280x_/supermercado/bcc_static/catalogImages/product/765973/765973.jpg"" srcset=""https://static.carrefour.es/hd_560x_/supermercado/bcc_static/catalogImages/product/765973/765973.jpg"" width=""100%""> <p class=""title-product"">
Medallones de merluza Antonio y Ricardo 500 g.</p>"
Pulpo crudo congelado 1 kg aprox,"Bandeja de  1000.0 g. aprox |
12,99 €/kg",,"12,99 €",,https://static.carrefour.es/hd_280x_/supermercado/bcc_static/catalogImages/product/799327/799327.jpg,"<img aria-describedby=""product-526010815"" alt=""Pulpo crudo congelado 1 kg aprox"" src=""https://static.carrefour.es/hd_280x_/supermercado/bcc_static/catalogImages/product/799327/799327.jpg"" srcset=""https://static.carrefour.es/hd_560x_/supermercado/bcc_static/catalogImages/product/799327/799327.jpg"" width=""100%""> <p class=""title-product"">
Pulpo crudo congelado 1 kg aprox</p>"
Lenguado entero Apolo 600 g.,"600 g. |
7,92 €/kg",,"4,75 €",,https://static.carrefour.es/hd_280x_/supermercado/bcc_static/catalogImages/product/866870/866870.png,"<img aria-describedby=""product-780922658"" alt=""Lenguado entero Apolo 600 g."" src=""https://static.carrefour.es/hd_280x_/supermercado/bcc_static/catalogImages/product/866870/866870.png"" srcset=""https://static.carrefour.es/hd_560x_/supermercado/bcc_static/catalogImages/product/866870/866870.png"" width=""100%""> <p class=""title-product"">
Lenguado entero Apolo 600 g.</p>"
Langostinos cocidos Gambafresh 800 g.,"800 g. |
9,62 €/kg",,"7,70 €",,https://static.carrefour.es/hd_280x_/supermercado/bcc_static/catalogImages/product/833619/833619.jpg,"<img aria-describedby=""product-prod520687"" alt=""Langostinos cocidos Gambafresh 800 g."" src=""https://static.carrefour.es/hd_280x_/supermercado/bcc_static/catalogImages/product/833619/833619.jpg"" srcset=""https://static.carrefour.es/hd_560x_/supermercado/bcc_static/catalogImages/product/833619/833619.jpg"" width=""100%""> <p class=""title-product"">
Langostinos cocidos Gambafresh 800 g.</p>"
Langostinos crudos Gambafresh 800 g.,"800 g. |
9,62 €/kg",,"7,70 €",,https://static.carrefour.es/hd_280x_/supermercado/bcc_static/catalogImages/product/833618/833618.jpg,"<img aria-describedby=""product-prod520689"" alt=""Langostinos crudos Gambafresh 800 g."" src=""https://static.carrefour.es/hd_280x_/supermercado/bcc_static/catalogImages/product/833618/833618.jpg"" srcset=""https://static.carrefour.es/hd_560x_/supermercado/bcc_static/catalogImages/product/833618/833618.jpg"" width=""100%""> <p class=""title-product"">
Langostinos crudos Gambafresh 800 g.</p>"
Langostino Gambón 16/24 Pescanova 800 g.,"800 g. |
19,19 €/kg",,"15,35 €",,https://static.carrefour.es/hd_280x_/supermercado/bcc_static/catalogImages/product/720721/720721.jpg,"<img aria-describedby=""product-741103406"" alt=""Langostino Gambón 16/24 Pescanova 800 g."" src=""https://static.carrefour.es/hd_280x_/supermercado/bcc_static/catalogImages/product/720721/720721.jpg"" srcset=""https://static.carrefour.es/hd_560x_/supermercado/bcc_static/catalogImages/product/720721/720721.jpg"" width=""100%""> <p class=""title-product"">
Langostino Gambón 16/24 Pescanova 800 g.</p>"
Boquerones de lonja Fripozo 600 g.,"600 g. |
6,50 €/kg",,"3,90 €",,https://static.carrefour.es/hd_280x_/supermercado/bcc_static/catalogImages/product/866031/866031.png,"<img aria-describedby=""product-780796871"" alt=""Boquerones de lonja Fripozo 600 g."" src=""https://static.carrefour.es/hd_280x_/supermercado/bcc_static/catalogImages/product/866031/866031.png"" srcset=""https://static.carrefour.es/hd_560x_/supermercado/bcc_static/catalogImages/product/866031/866031.png"" width=""100%""> <p class=""title-product"">
Boquerones de lonja Fripozo 600 g.</p>"
Filetes de bacalao envasados Dimar 400 g.,"400 g. |
16,25 €/kg",,"6,50 €",,https://static.carrefour.es/hd_280x_/supermercado/bcc_static/catalogImages/product/559753/559753.png,"<img aria-describedby=""product-521031255"" alt=""Filetes de bacalao envasados Dimar 400 g."" src=""https://static.carrefour.es/hd_280x_/supermercado/bcc_static/catalogImages/product/559753/559753.png"" srcset=""https://static.carrefour.es/hd_560x_/supermercado/bcc_static/catalogImages/product/559753/559753.png"" width=""100%""> <p class=""title-product"">
Filetes de bacalao envasados Dimar 400 g.</p>"
Filetes de pez espada Antonio y Ricardo 500 g.,"500 g. |
14,90 €/kg",,"7,45 €",,https://static.carrefour.es/hd_280x_/supermercado/bcc_static/catalogImages/product/765970/765970.png,"<img aria-describedby=""product-756701000"" alt=""Filetes de pez espada Antonio y Ricardo 500 g."" src=""https://static.carrefour.es/hd_280x_/supermercado/bcc_static/catalogImages/product/765970/765970.png"" srcset=""https://static.carrefour.es/hd_560x_/supermercado/bcc_static/catalogImages/product/765970/765970.png"" width=""100%""> <p class=""title-product"">
Filetes de pez espada Antonio y Ricardo 500 g.</p>"
Langostino vannamei cocido 32/40 Carrefour 800 g.,"800 g. |
9,69 €/kg",,"7,75 €",,https://static.carrefour.es/hd_280x_/supermercado/bcc_static/catalogImages/product/287631/287631.png,"<img aria-describedby=""product-590505226"" alt=""Langostino vannamei cocido 32/40 Carrefour 800 g."" src=""https://static.carrefour.es/hd_280x_/supermercado/bcc_static/catalogImages/product/287631/287631.png"" srcset=""https://static.carrefour.es/hd_560x_/supermercado/bcc_static/catalogImages/product/287631/287631.png"" width=""100%""> <p class=""title-product"">
Langostino vannamei cocido 32/40 Carrefour 800 g.</p>"
Pulpo pata cocida congelado 250 g,"250 g |
39,96 €/kg",,"9,99 €",,https://static.carrefour.es/hd_280x_/supermercado/bcc_static/catalogImages/product/014570/014570.png,"<img aria-describedby=""product-prod870825"" alt=""Pulpo pata cocida congelado 250 g"" src=""https://static.carrefour.es/hd_280x_/supermercado/bcc_static/catalogImages/product/014570/014570.png"" srcset=""https://static.carrefour.es/hd_560x_/supermercado/bcc_static/catalogImages/product/014570/014570.png"" width=""100%""> <p class=""title-product"">
Pulpo pata cocida congelado 250 g</p>"
Carabinero 6/8 Carrefour 400 g.,"400 g. |
50,38 €/kg",,"20,15 €",,https://static.carrefour.es/hd_280x_/supermercado/bcc_static/catalogImages/product/067420/067420.jpg,"<img aria-describedby=""product-681408095"" alt=""Carabinero 6/8 Carrefour 400 g."" src=""https://static.carrefour.es/hd_280x_/supermercado/bcc_static/catalogImages/product/067420/067420.jpg"" srcset=""https://static.carrefour.es/hd_560x_/supermercado/bcc_static/catalogImages/product/067420/067420.jpg"" width=""100%""> <p class=""title-product"">
Carabinero 6/8 Carrefour 400 g.</p>"
Gamba pelada congelada 90/110 Antonio y Ricardo 375 g.,"375 g. |
13,73 €/kg",,"5,15 €",,https://static.carrefour.es/hd_280x_/supermercado/bcc_static/catalogImages/product/841133/841133.jpg,"<img aria-describedby=""product-prod600087"" alt=""Gamba pelada congelada 90/110 Antonio y Ricardo 375 g."" src=""https://static.carrefour.es/hd_280x_/supermercado/bcc_static/catalogImages/product/841133/841133.jpg"" srcset=""https://static.carrefour.es/hd_560x_/supermercado/bcc_static/catalogImages/product/841133/841133.jpg"" width=""100%""> <p class=""title-product"">
Gamba pelada congelada 90/110 Antonio y Ricardo 375 g.</p>"
Filetes de fletán Antonio y Ricardo 500 g.,"500 g. |
13,00 €/kg",,"6,50 €",,https://static.carrefour.es/hd_280x_/supermercado/bcc_static/catalogImages/product/765978/765978.png,"<img aria-describedby=""product-756701018"" alt=""Filetes de fletán Antonio y Ricardo 500 g."" src=""https://static.carrefour.es/hd_280x_/supermercado/bcc_static/catalogImages/product/765978/765978.png"" srcset=""https://static.carrefour.es/hd_560x_/supermercado/bcc_static/catalogImages/product/765978/765978.png"" width=""100%""> <p class=""title-product"">
Filetes de fletán Antonio y Ricardo 500 g.</p>"
Langostino crudo ecológico congelado  Pesca Facil 600g,"Envase de |
19,98 €/kg",,"11,99 €",,https://static.carrefour.es/hd_280x_/supermercado/bcc_static/catalogImages/product/036161/036161.jpg,"<img aria-describedby=""product-prod890157"" alt=""Langostino crudo ecológico congelado  Pesca Facil 600g "" src=""https://static.carrefour.es/hd_280x_/supermercado/bcc_static/catalogImages/product/036161/036161.jpg"" srcset=""https://static.carrefour.es/hd_560x_/supermercado/bcc_static/catalogImages/product/036161/036161.jpg"" width=""100%""> <p class=""title-product"">
Langostino crudo ecológico congelado  Pesca Facil 600g </p>"
,,,,,,
Escalopines  de fogonero 500 g,"500 g |
9,50 €/kg",,"4,75 €",,https://static.carrefour.es/hd_280x_/supermercado/bcc_static/catalogImages/product/214833/214833.jpg,"<img aria-describedby=""product-prod1170096"" alt=""Escalopines  de fogonero 500 g"" src=""https://static.carrefour.es/hd_280x_/supermercado/bcc_static/catalogImages/product/214833/214833.jpg"" srcset=""https://static.carrefour.es/hd_560x_/supermercado/bcc_static/catalogImages/product/214833/214833.jpg"" width=""100%""> <p class=""title-product"">
Escalopines  de fogonero 500 g</p>"
Filete de limanda Pescatrade 600 g,"600 g. |
9,98 €/kg",,"5,99 €",,https://static.carrefour.es/hd_280x_/supermercado/bcc_static/catalogImages/product/005182/005182.jpg,"<img aria-describedby=""product-prod72753"" alt=""Filete de limanda Pescatrade 600 g"" src=""https://static.carrefour.es/hd_280x_/supermercado/bcc_static/catalogImages/product/005182/005182.jpg"" srcset=""https://static.carrefour.es/hd_560x_/supermercado/bcc_static/catalogImages/product/005182/005182.jpg"" width=""100%""> <p class=""title-product"">
Filete de limanda Pescatrade 600 g</p>"
Muslitos del oceano 300 g,"300 g |
8,33 €/kg",,"2,50 €",,https://static.carrefour.es/hd_280x_/supermercado/bcc_static/catalogImages/product/345812/345812.jpg,"<img aria-describedby=""product-prod840061"" alt=""Muslitos del oceano 300 g"" src=""https://static.carrefour.es/hd_280x_/supermercado/bcc_static/catalogImages/product/345812/345812.jpg"" srcset=""https://static.carrefour.es/hd_560x_/supermercado/bcc_static/catalogImages/product/345812/345812.jpg"" width=""100%""> <p class=""title-product"">
Muslitos del oceano 300 g</p>"
Filete de merluza con piel 600 g.,"600 g. |
7,20 €/kg",,"4,32 €",,https://static.carrefour.es/hd_280x_/supermercado/bcc_static/catalogImages/product/290414/290414.png,"<img aria-describedby=""product-579901677"" alt=""Filete de merluza con piel 600 g."" src=""https://static.carrefour.es/hd_280x_/supermercado/bcc_static/catalogImages/product/290414/290414.png"" srcset=""https://static.carrefour.es/hd_560x_/supermercado/bcc_static/catalogImages/product/290414/290414.png"" width=""100%""> <p class=""title-product"">
Filete de merluza con piel 600 g.</p>"
Medallones de merluza Aquamar Gold 600 g,"600 g. |
8,32 €/kg",,"4,99 €",,https://static.carrefour.es/hd_280x_/supermercado/bcc_static/catalogImages/product/662899/662899.jpg,"<img aria-describedby=""product-741800805"" alt=""Medallones de merluza Aquamar Gold 600 g"" src=""https://static.carrefour.es/hd_280x_/supermercado/bcc_static/catalogImages/product/662899/662899.jpg"" srcset=""https://static.carrefour.es/hd_560x_/supermercado/bcc_static/catalogImages/product/662899/662899.jpg"" width=""100%""> <p class=""title-product"">
Medallones de merluza Aquamar Gold 600 g</p>"
Almeja japonesa 400 g,"400 g |
12,48 €/kg",,"4,99 €",,https://static.carrefour.es/hd_280x_/supermercado/bcc_static/catalogImages/product/390613/390613.jpg,"<img aria-describedby=""product-prod310557"" alt=""Almeja japonesa 400 g"" src=""https://static.carrefour.es/hd_280x_/supermercado/bcc_static/catalogImages/product/390613/390613.jpg"" srcset=""https://static.carrefour.es/hd_560x_/supermercado/bcc_static/catalogImages/product/390613/390613.jpg"" width=""100%""> <p class=""title-product"">
Almeja japonesa 400 g</p>"
Bogavante crudo Carrefour 450 g.,"450 g. |
26,00 €/kg",,"11,70 €",,https://static.carrefour.es/hd_280x_/supermercado/bcc_static/catalogImages/product/066528/066528.jpg,"<img aria-describedby=""product-681407757"" alt=""Bogavante crudo Carrefour 450 g."" src=""https://static.carrefour.es/hd_280x_/supermercado/bcc_static/catalogImages/product/066528/066528.jpg"" srcset=""https://static.carrefour.es/hd_560x_/supermercado/bcc_static/catalogImages/product/066528/066528.jpg"" width=""100%""> <p class=""title-product"">
Bogavante crudo Carrefour 450 g.</p>"
Gambón nº1 Carrefour 1 kg,"1 kg |
12,00 €/kg",,"12,00 €",,https://static.carrefour.es/hd_280x_/supermercado/bcc_static/catalogImages/product/946740/946740.png,"<img aria-describedby=""product-815722665"" alt=""Gambón nº1 Carrefour 1 kg"" src=""https://static.carrefour.es/hd_280x_/supermercado/bcc_static/catalogImages/product/946740/946740.png"" srcset=""https://static.carrefour.es/hd_560x_/supermercado/bcc_static/catalogImages/product/946740/946740.png"" width=""100%""> <p class=""title-product"">
Gambón nº1 Carrefour 1 kg</p>"
Caracoles congelados 450 g,"450 g |
8,87 €/kg",,"3,99 €",,https://static.carrefour.es/hd_280x_/supermercado/bcc_static/catalogImages/product/723584/723584.jpg,"<img aria-describedby=""product-prod100085"" alt=""Caracoles congelados 450 g "" src=""https://static.carrefour.es/hd_280x_/supermercado/bcc_static/catalogImages/product/723584/723584.jpg"" srcset=""https://static.carrefour.es/hd_560x_/supermercado/bcc_static/catalogImages/product/723584/723584.jpg"" width=""100%""> <p class=""title-product"">
Caracoles congelados 450 g </p>"
Gambón pelado Delfín 200 g.,"200 g. |
24,50 €/kg",,"4,90 €",,https://static.carrefour.es/hd_280x_/supermercado/bcc_static/catalogImages/product/124812/124812.jpg,"<img aria-describedby=""product-530014393"" alt=""Gambón pelado Delfín 200 g."" src=""https://static.carrefour.es/hd_280x_/supermercado/bcc_static/catalogImages/product/124812/124812.jpg"" srcset=""https://static.carrefour.es/hd_560x_/supermercado/bcc_static/catalogImages/product/124812/124812.jpg"" width=""100%""> <p class=""title-product"">
Gambón pelado Delfín 200 g.</p>"
Lomos de merluza skin Aquamar Gold 360 g,"360 g. |
13,75 €/kg",,"4,95 €",,https://static.carrefour.es/hd_280x_/supermercado/bcc_static/catalogImages/product/896193/896193.jpg,"<img aria-describedby=""product-795606085"" alt=""Lomos de merluza skin Aquamar Gold 360 g"" src=""https://static.carrefour.es/hd_280x_/supermercado/bcc_static/catalogImages/product/896193/896193.jpg"" srcset=""https://static.carrefour.es/hd_560x_/supermercado/bcc_static/catalogImages/product/896193/896193.jpg"" width=""100%""> <p class=""title-product"">
Lomos de merluza skin Aquamar Gold 360 g</p>"
Langostinos cocidos Costasur 800 g.,"800 g. |
10,25 €/kg",,"8,20 €",,https://static.carrefour.es/hd_280x_/supermercado/bcc_static/catalogImages/product/273984/273984.png,"<img aria-describedby=""product-566001670"" alt=""Langostinos cocidos Costasur 800 g."" src=""https://static.carrefour.es/hd_280x_/supermercado/bcc_static/catalogImages/product/273984/273984.png"" srcset=""https://static.carrefour.es/hd_560x_/supermercado/bcc_static/catalogImages/product/273984/273984.png"" width=""100%""> <p class=""title-product"">
Langostinos cocidos Costasur 800 g.</p>"
Langostinos crudos Costasur 800 g.,"800 g. |
10,25 €/kg",,"8,20 €",,https://static.carrefour.es/hd_280x_/supermercado/bcc_static/catalogImages/product/273965/273965.png,"<img aria-describedby=""product-566001662"" alt=""Langostinos crudos Costasur 800 g."" src=""https://static.carrefour.es/hd_280x_/supermercado/bcc_static/catalogImages/product/273965/273965.png"" srcset=""https://static.carrefour.es/hd_560x_/supermercado/bcc_static/catalogImages/product/273965/273965.png"" width=""100%""> <p class=""title-product"">
Langostinos crudos Costasur 800 g.</p>"
Lomo de salmón noruego al ajillo Carrefour 2x100 g,"200 g |
29,95 €/kg",,"5,99 €",,https://static.carrefour.es/hd_280x_/supermercado/bcc_static/catalogImages/product/330650/330650.jpg,"<img aria-describedby=""product-fprod1280410"" alt=""Lomo de salmón noruego al ajillo Carrefour 2x100 g"" src=""https://static.carrefour.es/hd_280x_/supermercado/bcc_static/catalogImages/product/330650/330650.jpg"" srcset=""https://static.carrefour.es/hd_560x_/supermercado/bcc_static/catalogImages/product/330650/330650.jpg"" width=""100%""> <p class=""title-product"">
Lomo de salmón noruego al ajillo Carrefour 2x100 g</p>"
Solomillo rodajas de bacalao congelado Royal 300 g,"300 g. |
28,33 €/kg",,"8,50 €",,https://static.carrefour.es/hd_280x_/supermercado/bcc_static/catalogImages/product/957202/957202.jpg,"<img aria-describedby=""product-825813222"" alt=""Solomillo rodajas de bacalao congelado Royal 300 g"" src=""https://static.carrefour.es/hd_280x_/supermercado/bcc_static/catalogImages/product/957202/957202.jpg"" srcset=""https://static.carrefour.es/hd_560x_/supermercado/bcc_static/catalogImages/product/957202/957202.jpg"" width=""100%""> <p class=""title-product"">
Solomillo rodajas de bacalao congelado Royal 300 g</p>"
Cola de langostino cocido pelado Aligator 300 g,"300 g. |
23,30 €/kg",,"6,99 €",,https://static.carrefour.es/hd_280x_/supermercado/bcc_static/catalogImages/product/946574/946574.jpg,"<img aria-describedby=""product-825914815"" alt=""Cola de langostino cocido pelado Aligator 300 g"" src=""https://static.carrefour.es/hd_280x_/supermercado/bcc_static/catalogImages/product/946574/946574.jpg"" srcset=""https://static.carrefour.es/hd_560x_/supermercado/bcc_static/catalogImages/product/946574/946574.jpg"" width=""100%""> <p class=""title-product"">
Cola de langostino cocido pelado Aligator 300 g</p>"
Nécoras cocidas Carrefour 500 g.,"500 g. |
14,30 €/kg",,"7,15 €",,https://static.carrefour.es/hd_280x_/supermercado/bcc_static/catalogImages/product/124956/124956.jpg,"<img aria-describedby=""product-530067394"" alt=""Nécoras cocidas Carrefour 500 g."" src=""https://static.carrefour.es/hd_280x_/supermercado/bcc_static/catalogImages/product/124956/124956.jpg"" srcset=""https://static.carrefour.es/hd_560x_/supermercado/bcc_static/catalogImages/product/124956/124956.jpg"" width=""100%""> <p class=""title-product"">
Nécoras cocidas Carrefour 500 g.</p>"
Lomo de bacalao al punto de sal Carrefour 320 g,"320 g. |
25,62 €/kg",,"8,20 €",,https://static.carrefour.es/hd_280x_/supermercado/bcc_static/catalogImages/product/126782/126782.jpg,"<img aria-describedby=""product-529036033"" alt=""Lomo de bacalao al punto de sal Carrefour 320 g"" src=""https://static.carrefour.es/hd_280x_/supermercado/bcc_static/catalogImages/product/126782/126782.jpg"" srcset=""https://static.carrefour.es/hd_560x_/supermercado/bcc_static/catalogImages/product/126782/126782.jpg"" width=""100%""> <p class=""title-product"">
Lomo de bacalao al punto de sal Carrefour 320 g</p>"
Bocas y pechos cocidos Carrefour 540 g.,"540 g. |
18,89 €/kg",,"10,20 €",,https://static.carrefour.es/hd_280x_/supermercado/bcc_static/catalogImages/product/287109/287109.jpg,"<img aria-describedby=""product-577501581"" alt=""Bocas y pechos cocidos Carrefour 540 g."" src=""https://static.carrefour.es/hd_280x_/supermercado/bcc_static/catalogImages/product/287109/287109.jpg"" srcset=""https://static.carrefour.es/hd_560x_/supermercado/bcc_static/catalogImages/product/287109/287109.jpg"" width=""100%""> <p class=""title-product"">
Bocas y pechos cocidos Carrefour 540 g.</p>"
Gamba salvaje pelada cruda 88/123 piezas Grand Krust 600 g.,"600 g. |
18,58 €/kg",,"11,15 €",,https://static.carrefour.es/hd_280x_/supermercado/bcc_static/catalogImages/product/952277/952277.png,"<img aria-describedby=""product-819115010"" alt=""Gamba salvaje pelada cruda 88/123 piezas Grand Krust 600 g."" src=""https://static.carrefour.es/hd_280x_/supermercado/bcc_static/catalogImages/product/952277/952277.png"" srcset=""https://static.carrefour.es/hd_560x_/supermercado/bcc_static/catalogImages/product/952277/952277.png"" width=""100%""> <p class=""title-product"">
Gamba salvaje pelada cruda 88/123 piezas Grand Krust 600 g.</p>"
Carne zamburiña 40/60 Delfín 270 g.,"270 g. |
30,00 €/kg",,"8,10 €",,https://static.carrefour.es/hd_280x_/supermercado/bcc_static/catalogImages/product/115727/115727.jpg,"<img aria-describedby=""product-527030644"" alt=""Carne zamburiña 40/60 Delfín 270 g."" src=""https://static.carrefour.es/hd_280x_/supermercado/bcc_static/catalogImages/product/115727/115727.jpg"" srcset=""https://static.carrefour.es/hd_560x_/supermercado/bcc_static/catalogImages/product/115727/115727.jpg"" width=""100%""> <p class=""title-product"">
Carne zamburiña 40/60 Delfín 270 g.</p>"
Carne de vieira Carrefour 320 g,"320 g. |
37,47 €/kg",,"11,99 €",,https://static.carrefour.es/hd_280x_/supermercado/bcc_static/catalogImages/product/792510/792510.png,"<img aria-describedby=""product-526010779"" alt=""Carne de vieira Carrefour 320 g"" src=""https://static.carrefour.es/hd_280x_/supermercado/bcc_static/catalogImages/product/792510/792510.png"" srcset=""https://static.carrefour.es/hd_560x_/supermercado/bcc_static/catalogImages/product/792510/792510.png"" width=""100%""> <p class=""title-product"">
Carne de vieira Carrefour 320 g</p>"
Langostino cocido extra Pescanova 800 g.,"800 g. |
18,31 €/kg",,"14,65 €",,https://static.carrefour.es/hd_280x_/supermercado/bcc_static/catalogImages/product/755638/755638.jpg,"<img aria-describedby=""product-521031186"" alt=""Langostino cocido extra Pescanova 800 g."" src=""https://static.carrefour.es/hd_280x_/supermercado/bcc_static/catalogImages/product/755638/755638.jpg"" srcset=""https://static.carrefour.es/hd_560x_/supermercado/bcc_static/catalogImages/product/755638/755638.jpg"" width=""100%""> <p class=""title-product"">
Langostino cocido extra Pescanova 800 g.</p>"
Cola de rape congelada Gran Sol 1 Kg aprox,"Envase de 1000.0 g. aprox |
19,90 €/kg",,"19,90 €",,https://static.carrefour.es/hd_280x_/supermercado/bcc_static/catalogImages/product/834683/834683.jpg,"<img aria-describedby=""product-prod540039"" alt=""Cola de rape congelada Gran Sol 1 Kg aprox "" src=""https://static.carrefour.es/hd_280x_/supermercado/bcc_static/catalogImages/product/834683/834683.jpg"" srcset=""https://static.carrefour.es/hd_560x_/supermercado/bcc_static/catalogImages/product/834683/834683.jpg"" width=""100%""> <p class=""title-product"">
Cola de rape congelada Gran Sol 1 Kg aprox </p>"
,,,,,,
Steak de atún de aleta amarilla Pescanova 225 g.,"225 g. |
22,89 €/kg",,"5,15 €",,https://static.carrefour.es/hd_280x_/supermercado/bcc_static/catalogImages/product/110588/110588.jpg,"<img aria-describedby=""product-prod1023664"" alt=""Steak de atún de aleta amarilla Pescanova 225 g."" src=""https://static.carrefour.es/hd_280x_/supermercado/bcc_static/catalogImages/product/110588/110588.jpg"" srcset=""https://static.carrefour.es/hd_560x_/supermercado/bcc_static/catalogImages/product/110588/110588.jpg"" width=""100%""> <p class=""title-product"">
Steak de atún de aleta amarilla Pescanova 225 g.</p>"
Lomos selectos de bacalao Dimar 300 g.,"300 g. |
20,33 €/kg",,"6,10 €",,https://static.carrefour.es/hd_280x_/supermercado/bcc_static/catalogImages/product/612581/612581.png,"<img aria-describedby=""product-521031257"" alt=""Lomos selectos de bacalao Dimar 300 g."" src=""https://static.carrefour.es/hd_280x_/supermercado/bcc_static/catalogImages/product/612581/612581.png"" srcset=""https://static.carrefour.es/hd_560x_/supermercado/bcc_static/catalogImages/product/612581/612581.png"" width=""100%""> <p class=""title-product"">
Lomos selectos de bacalao Dimar 300 g.</p>"
Gamba gigante pelada cruda Aligator 1 kg aprox,"Envase de 1000.0 g. aprox |
13,99 €/kg",,"13,99 €",,https://static.carrefour.es/hd_280x_/supermercado/bcc_static/catalogImages/product/883106/883106.jpg,"<img aria-describedby=""product-788499317"" alt=""Gamba gigante pelada cruda Aligator 1 kg aprox"" src=""https://static.carrefour.es/hd_280x_/supermercado/bcc_static/catalogImages/product/883106/883106.jpg"" srcset=""https://static.carrefour.es/hd_560x_/supermercado/bcc_static/catalogImages/product/883106/883106.jpg"" width=""100%""> <p class=""title-product"">
Gamba gigante pelada cruda Aligator 1 kg aprox</p>"
Tubo de pota 425 g,"425 g. |
14,09 €/kg",,"5,99 €",,https://static.carrefour.es/hd_280x_/supermercado/bcc_static/catalogImages/product/754090/754090.jpg,"<img aria-describedby=""product-747203178"" alt=""Tubo de pota 425 g"" src=""https://static.carrefour.es/hd_280x_/supermercado/bcc_static/catalogImages/product/754090/754090.jpg"" srcset=""https://static.carrefour.es/hd_560x_/supermercado/bcc_static/catalogImages/product/754090/754090.jpg"" width=""100%""> <p class=""title-product"">
Tubo de pota 425 g</p>"
Sepia mediana limpia 350 g,"350 g |
22,83 €/kg",,"7,99 €",,https://static.carrefour.es/hd_280x_/supermercado/bcc_static/catalogImages/product/417741/417741.jpg,"<img aria-describedby=""product-prod351385"" alt=""Sepia mediana limpia 350 g"" src=""https://static.carrefour.es/hd_280x_/supermercado/bcc_static/catalogImages/product/417741/417741.jpg"" srcset=""https://static.carrefour.es/hd_560x_/supermercado/bcc_static/catalogImages/product/417741/417741.jpg"" width=""100%""> <p class=""title-product"">
Sepia mediana limpia 350 g</p>"
Gambón Costasur 700 g.,"700 g. |
11,71 €/kg",,"8,20 €",,https://static.carrefour.es/hd_280x_/supermercado/bcc_static/catalogImages/product/900816/900816.png,"<img aria-describedby=""product-797926069"" alt=""Gambón Costasur 700 g."" src=""https://static.carrefour.es/hd_280x_/supermercado/bcc_static/catalogImages/product/900816/900816.png"" srcset=""https://static.carrefour.es/hd_560x_/supermercado/bcc_static/catalogImages/product/900816/900816.png"" width=""100%""> <p class=""title-product"">
Gambón Costasur 700 g.</p>"
Gamba pelada (10/30 ud) Carrefour 700 g,"700 g. |
18,56 €/kg",,"12,99 €",,https://static.carrefour.es/hd_280x_/supermercado/bcc_static/catalogImages/product/321672/321672.jpg,"<img aria-describedby=""product-665801836"" alt=""Gamba pelada (10/30 ud) Carrefour 700 g"" src=""https://static.carrefour.es/hd_280x_/supermercado/bcc_static/catalogImages/product/321672/321672.jpg"" srcset=""https://static.carrefour.es/hd_560x_/supermercado/bcc_static/catalogImages/product/321672/321672.jpg"" width=""100%""> <p class=""title-product"">
Gamba pelada (10/30 ud) Carrefour 700 g</p>"
Cigala 17/20 Carrefour 800 gr.,"800 gr. |
19,06 €/kg",,"15,25 €",,https://static.carrefour.es/hd_280x_/supermercado/bcc_static/catalogImages/product/753152/753152.jpg,"<img aria-describedby=""product-521031190"" alt=""Cigala 17/20 Carrefour 800 gr."" src=""https://static.carrefour.es/hd_280x_/supermercado/bcc_static/catalogImages/product/753152/753152.jpg"" srcset=""https://static.carrefour.es/hd_560x_/supermercado/bcc_static/catalogImages/product/753152/753152.jpg"" width=""100%""> <p class=""title-product"">
Cigala 17/20 Carrefour 800 gr.</p>"
Colas de merluza 540 g,"540 g |
6,46 €/kg",,"3,49 €",,https://static.carrefour.es/hd_280x_/supermercado/bcc_static/catalogImages/product/662883/662883.jpg,"<img aria-describedby=""product-prod650263"" alt=""Colas de merluza 540 g"" src=""https://static.carrefour.es/hd_280x_/supermercado/bcc_static/catalogImages/product/662883/662883.jpg"" srcset=""https://static.carrefour.es/hd_560x_/supermercado/bcc_static/catalogImages/product/662883/662883.jpg"" width=""100%""> <p class=""title-product"">
Colas de merluza 540 g</p>"
Suprema corazones de merluza argentina 400 g,"400 g |
11,25 €/kg",,"4,50 €",,https://static.carrefour.es/hd_280x_/supermercado/bcc_static/catalogImages/product/378827/378827.jpg,"<img aria-describedby=""product-prod860032"" alt=""Suprema corazones de merluza argentina 400 g"" src=""https://static.carrefour.es/hd_280x_/supermercado/bcc_static/catalogImages/product/378827/378827.jpg"" srcset=""https://static.carrefour.es/hd_560x_/supermercado/bcc_static/catalogImages/product/378827/378827.jpg"" width=""100%""> <p class=""title-product"">
Suprema corazones de merluza argentina 400 g</p>"
Buey de mar cocido 600 g,"600 g |
18,32 €/kg",,"10,99 €",,https://static.carrefour.es/hd_280x_/supermercado/bcc_static/catalogImages/product/838821/838821.jpg,"<img aria-describedby=""product-prod590370"" alt=""Buey de mar cocido 600 g "" src=""https://static.carrefour.es/hd_280x_/supermercado/bcc_static/catalogImages/product/838821/838821.jpg"" srcset=""https://static.carrefour.es/hd_560x_/supermercado/bcc_static/catalogImages/product/838821/838821.jpg"" width=""100%""> <p class=""title-product"">
Buey de mar cocido 600 g </p>"
Langostino salvaje cocido 24/32 Carrefour 800 g.,"800 g. |
19,06 €/kg",,"15,25 €",,https://static.carrefour.es/hd_280x_/supermercado/bcc_static/catalogImages/product/805185/805185.png,"<img aria-describedby=""product-628301846"" alt=""Langostino salvaje cocido 24/32 Carrefour 800 g."" src=""https://static.carrefour.es/hd_280x_/supermercado/bcc_static/catalogImages/product/805185/805185.png"" srcset=""https://static.carrefour.es/hd_560x_/supermercado/bcc_static/catalogImages/product/805185/805185.png"" width=""100%""> <p class=""title-product"">
Langostino salvaje cocido 24/32 Carrefour 800 g.</p>"
Cigala 13/16 Delfín 700 g.,"700 g. |
22,29 €/kg",,"15,60 €",,https://static.carrefour.es/hd_280x_/supermercado/bcc_static/catalogImages/product/804631/804631.jpg,"<img aria-describedby=""product-627802086"" alt=""Cigala 13/16 Delfín 700 g."" src=""https://static.carrefour.es/hd_280x_/supermercado/bcc_static/catalogImages/product/804631/804631.jpg"" srcset=""https://static.carrefour.es/hd_560x_/supermercado/bcc_static/catalogImages/product/804631/804631.jpg"" width=""100%""> <p class=""title-product"">
Cigala 13/16 Delfín 700 g.</p>"
Gambón congelado tierra (30/40 ud aprox) 2 Kg,"2 kg. |
8,95 €/kg",,"17,90 €",,https://static.carrefour.es/hd_280x_/supermercado/bcc_static/catalogImages/product/278916/278916.jpg,"<img aria-describedby=""product-prod230243"" alt=""Gambón congelado tierra (30/40 ud aprox) 2 Kg"" src=""https://static.carrefour.es/hd_280x_/supermercado/bcc_static/catalogImages/product/278916/278916.jpg"" srcset=""https://static.carrefour.es/hd_560x_/supermercado/bcc_static/catalogImages/product/278916/278916.jpg"" width=""100%""> <p class=""title-product"">
Gambón congelado tierra (30/40 ud aprox) 2 Kg</p>"
Bacalao congelado ventrescas Dimar 360 g.,"360 g. |
14,31 €/kg",,"5,15 €",,https://static.carrefour.es/hd_280x_/supermercado/bcc_static/catalogImages/product/839681/839681.jpg,"<img aria-describedby=""product-prod590685"" alt=""Bacalao congelado ventrescas Dimar 360 g."" src=""https://static.carrefour.es/hd_280x_/supermercado/bcc_static/catalogImages/product/839681/839681.jpg"" srcset=""https://static.carrefour.es/hd_560x_/supermercado/bcc_static/catalogImages/product/839681/839681.jpg"" width=""100%""> <p class=""title-product"">
Bacalao congelado ventrescas Dimar 360 g.</p>"
Lomo extra bacalao Carrefour 300 g,"300 g. |
19,83 €/kg",,"5,95 €",,https://static.carrefour.es/hd_280x_/supermercado/bcc_static/catalogImages/product/126865/126865.jpg,"<img aria-describedby=""product-527155902"" alt=""Lomo extra bacalao Carrefour 300 g"" src=""https://static.carrefour.es/hd_280x_/supermercado/bcc_static/catalogImages/product/126865/126865.jpg"" srcset=""https://static.carrefour.es/hd_560x_/supermercado/bcc_static/catalogImages/product/126865/126865.jpg"" width=""100%""> <p class=""title-product"">
Lomo extra bacalao Carrefour 300 g</p>"
Rodaja de merluza austral Pescatrade 450 g,"450 g. |
15,53 €/kg",,"6,99 €",,https://static.carrefour.es/hd_280x_/supermercado/bcc_static/catalogImages/product/985220/985220.jpg,"<img aria-describedby=""product-prod240522"" alt=""Rodaja de merluza austral Pescatrade 450 g"" src=""https://static.carrefour.es/hd_280x_/supermercado/bcc_static/catalogImages/product/985220/985220.jpg"" srcset=""https://static.carrefour.es/hd_560x_/supermercado/bcc_static/catalogImages/product/985220/985220.jpg"" width=""100%""> <p class=""title-product"">
Rodaja de merluza austral Pescatrade 450 g</p>"
Colade gambón pelada 400 g,"400 g |
19,98 €/kg",,"7,99 €",,https://static.carrefour.es/hd_280x_/supermercado/bcc_static/catalogImages/product/239162/239162.jpg,"<img aria-describedby=""product-prod190154"" alt=""Colade gambón pelada 400 g"" src=""https://static.carrefour.es/hd_280x_/supermercado/bcc_static/catalogImages/product/239162/239162.jpg"" srcset=""https://static.carrefour.es/hd_560x_/supermercado/bcc_static/catalogImages/product/239162/239162.jpg"" width=""100%""> <p class=""title-product"">
Colade gambón pelada 400 g</p>"
Carne de vieira Aligator 250 g,"250 g. |
43,96 €/kg",,"10,99 €",,https://static.carrefour.es/hd_280x_/supermercado/bcc_static/catalogImages/product/417768/417768.jpg,"<img aria-describedby=""product-prod351406"" alt=""Carne de vieira Aligator 250 g"" src=""https://static.carrefour.es/hd_280x_/supermercado/bcc_static/catalogImages/product/417768/417768.jpg"" srcset=""https://static.carrefour.es/hd_560x_/supermercado/bcc_static/catalogImages/product/417768/417768.jpg"" width=""100%""> <p class=""title-product"">
Carne de vieira Aligator 250 g</p>"
Cigala cruda Carrefour 700 g,"700 g. |
19,99 €/kg",,"13,99 €",,https://static.carrefour.es/hd_280x_/supermercado/bcc_static/catalogImages/product/952026/952026.png,"<img aria-describedby=""product-825812599"" alt=""Cigala cruda Carrefour 700 g"" src=""https://static.carrefour.es/hd_280x_/supermercado/bcc_static/catalogImages/product/952026/952026.png"" srcset=""https://static.carrefour.es/hd_560x_/supermercado/bcc_static/catalogImages/product/952026/952026.png"" width=""100%""> <p class=""title-product"">
Cigala cruda Carrefour 700 g</p>"
Cocochas de merluza congeladas 500 g,"500 g |
29,98 €/kg",,"14,99 €",,https://static.carrefour.es/hd_280x_/supermercado/bcc_static/catalogImages/product/841850/841850.jpg,"<img aria-describedby=""product-prod620292"" alt=""Cocochas de merluza congeladas 500 g"" src=""https://static.carrefour.es/hd_280x_/supermercado/bcc_static/catalogImages/product/841850/841850.jpg"" srcset=""https://static.carrefour.es/hd_560x_/supermercado/bcc_static/catalogImages/product/841850/841850.jpg"" width=""100%""> <p class=""title-product"">
Cocochas de merluza congeladas 500 g</p>"
Cola camarón cocida y pelada Globalimar 300 g,"300 g aprox |
23,30 €/kg",,"6,99 €",,https://static.carrefour.es/hd_280x_/supermercado/bcc_static/catalogImages/product/285100/285100.jpg,"<img aria-describedby=""product-prod830139"" alt=""Cola camarón cocida y pelada Globalimar 300 g"" src=""https://static.carrefour.es/hd_280x_/supermercado/bcc_static/catalogImages/product/285100/285100.jpg"" srcset=""https://static.carrefour.es/hd_560x_/supermercado/bcc_static/catalogImages/product/285100/285100.jpg"" width=""100%""> <p class=""title-product"">
Cola camarón cocida y pelada Globalimar 300 g</p>"
Cocochas de merluza Delfín 400 g.,"400 g. |
35,88 €/kg",,"14,35 €",,https://static.carrefour.es/hd_280x_/supermercado/bcc_static/catalogImages/product/049515/049515.jpg,"<img aria-describedby=""product-543601994"" alt=""Cocochas de merluza Delfín 400 g."" src=""https://static.carrefour.es/hd_280x_/supermercado/bcc_static/catalogImages/product/049515/049515.jpg"" srcset=""https://static.carrefour.es/hd_560x_/supermercado/bcc_static/catalogImages/product/049515/049515.jpg"" width=""100%""> <p class=""title-product"">
Cocochas de merluza Delfín 400 g.</p>"
Pulpo crudo Carrefour Calidad y Origen congelado bandeja de 1 a 2 Kg aprox,"Bandeja de 1 a 2 Kg aprox 1500.0 g. aprox |
15,99 €/kg",,"23,98 €",,https://static.carrefour.es/hd_280x_/supermercado/bcc_static/catalogImages/product/130111/130111.jpg,"<img aria-describedby=""product-prod1070122"" alt=""Pulpo crudo Carrefour Calidad y Origen congelado bandeja de 1 a 2 Kg aprox"" src=""https://static.carrefour.es/hd_280x_/supermercado/bcc_static/catalogImages/product/130111/130111.jpg"" srcset=""https://static.carrefour.es/hd_560x_/supermercado/bcc_static/catalogImages/product/130111/130111.jpg"" width=""100%""> <p class=""title-product"">
Pulpo crudo Carrefour Calidad y Origen congelado bandeja de 1 a 2 Kg aprox</p>"
,,,,,,
Pulpo crudo congelado 2.5 kg aprox,"Bandeja de 2500.0 g. aprox |
17,99 €/kg",,"44,97 €",,https://static.carrefour.es/hd_280x_/supermercado/bcc_static/catalogImages/product/261254/261254.jpg,"<img aria-describedby=""product-526010649"" alt=""Pulpo crudo congelado 2.5 kg aprox"" src=""https://static.carrefour.es/hd_280x_/supermercado/bcc_static/catalogImages/product/261254/261254.jpg"" srcset=""https://static.carrefour.es/hd_560x_/supermercado/bcc_static/catalogImages/product/261254/261254.jpg"" width=""100%""> <p class=""title-product"">
Pulpo crudo congelado 2.5 kg aprox</p>"
Almeja del pacífico cocida congelada 50/70 Antonio y Ricardo 400 g.,"400 g. |
9,22 €/kg",,"3,69 €",,https://static.carrefour.es/hd_280x_/supermercado/bcc_static/catalogImages/product/841132/841132.jpg,"<img aria-describedby=""product-prod600084"" alt=""Almeja del pacífico cocida congelada 50/70 Antonio y Ricardo 400 g."" src=""https://static.carrefour.es/hd_280x_/supermercado/bcc_static/catalogImages/product/841132/841132.jpg"" srcset=""https://static.carrefour.es/hd_560x_/supermercado/bcc_static/catalogImages/product/841132/841132.jpg"" width=""100%""> <p class=""title-product"">
Almeja del pacífico cocida congelada 50/70 Antonio y Ricardo 400 g.</p>"
Langostino pelado gigante Aligator 180 g,"180 g. |
27,72 €/kg",,"4,99 €",,https://static.carrefour.es/hd_280x_/supermercado/bcc_static/catalogImages/product/833491/833491.jpg,"<img aria-describedby=""product-prod520204"" alt=""Langostino pelado gigante Aligator 180 g"" src=""https://static.carrefour.es/hd_280x_/supermercado/bcc_static/catalogImages/product/833491/833491.jpg"" srcset=""https://static.carrefour.es/hd_560x_/supermercado/bcc_static/catalogImages/product/833491/833491.jpg"" width=""100%""> <p class=""title-product"">
Langostino pelado gigante Aligator 180 g</p>"
Buey de mar cocido Globalimar pieza 1 Kg,"1 Kg |
12,99 €/kg",,"12,99 €",,https://static.carrefour.es/hd_280x_/supermercado/bcc_static/catalogImages/product/838575/838575.jpg,"<img aria-describedby=""product-prod840309"" alt=""Buey de mar cocido Globalimar pieza 1 Kg"" src=""https://static.carrefour.es/hd_280x_/supermercado/bcc_static/catalogImages/product/838575/838575.jpg"" srcset=""https://static.carrefour.es/hd_560x_/supermercado/bcc_static/catalogImages/product/838575/838575.jpg"" width=""100%""> <p class=""title-product"">
Buey de mar cocido Globalimar pieza 1 Kg</p>"
Cola de langosta congelada cruda Delfín 196 g.,"196 g. |
82,65 €/kg",,"16,20 €",,https://static.carrefour.es/hd_280x_/supermercado/bcc_static/catalogImages/product/064218/064218.jpg,"<img aria-describedby=""product-prod971299"" alt=""Cola de langosta congelada cruda Delfín 196 g."" src=""https://static.carrefour.es/hd_280x_/supermercado/bcc_static/catalogImages/product/064218/064218.jpg"" srcset=""https://static.carrefour.es/hd_560x_/supermercado/bcc_static/catalogImages/product/064218/064218.jpg"" width=""100%""> <p class=""title-product"">
Cola de langosta congelada cruda Delfín 196 g.</p>"
Langostino marfil 16/24 Carrefour 800 g.,"800 g. |
25,12 €/kg",,"20,10 €",,https://static.carrefour.es/hd_280x_/supermercado/bcc_static/catalogImages/product/287626/287626.png,"<img aria-describedby=""product-590505224"" alt=""Langostino marfil 16/24 Carrefour 800 g."" src=""https://static.carrefour.es/hd_280x_/supermercado/bcc_static/catalogImages/product/287626/287626.png"" srcset=""https://static.carrefour.es/hd_560x_/supermercado/bcc_static/catalogImages/product/287626/287626.png"" width=""100%""> <p class=""title-product"">
Langostino marfil 16/24 Carrefour 800 g.</p>"
Cola de merluza austral Pescatrade 425 g,"425 g. |
14,09 €/kg",,"5,99 €",,https://static.carrefour.es/hd_280x_/supermercado/bcc_static/catalogImages/product/985217/985217.jpg,"<img aria-describedby=""product-prod72543"" alt=""Cola de merluza austral Pescatrade 425 g"" src=""https://static.carrefour.es/hd_280x_/supermercado/bcc_static/catalogImages/product/985217/985217.jpg"" srcset=""https://static.carrefour.es/hd_560x_/supermercado/bcc_static/catalogImages/product/985217/985217.jpg"" width=""100%""> <p class=""title-product"">
Cola de merluza austral Pescatrade 425 g</p>"
Filetes de merluza con piel Capensis 620 g,"620 g |
10,40 €/kg",,"6,45 €",,https://static.carrefour.es/hd_280x_/supermercado/bcc_static/catalogImages/product/041867/041867.jpg,"<img aria-describedby=""product-prod920318"" alt=""Filetes de merluza con piel Capensis 620 g"" src=""https://static.carrefour.es/hd_280x_/supermercado/bcc_static/catalogImages/product/041867/041867.jpg"" srcset=""https://static.carrefour.es/hd_560x_/supermercado/bcc_static/catalogImages/product/041867/041867.jpg"" width=""100%""> <p class=""title-product"">
Filetes de merluza con piel Capensis 620 g</p>"
Cola gambon mariposa  400 g,"40 g |
22,48 €/kg",,"8,99 €",,https://static.carrefour.es/hd_280x_/supermercado/bcc_static/catalogImages/product/387326/387326.jpg,"<img aria-describedby=""product-fprod1220379"" alt=""Cola gambon mariposa  400 g"" src=""https://static.carrefour.es/hd_280x_/supermercado/bcc_static/catalogImages/product/387326/387326.jpg"" srcset=""https://static.carrefour.es/hd_560x_/supermercado/bcc_static/catalogImages/product/387326/387326.jpg"" width=""100%""> <p class=""title-product"">
Cola gambon mariposa  400 g</p>"
Brochetas  gambón pelado 580 g,"580 g |
25,84 €/kg",,"14,99 €",,https://static.carrefour.es/hd_280x_/supermercado/bcc_static/catalogImages/product/365208/365208.jpg,"<img aria-describedby=""product-fprod1220454"" alt=""Brochetas  gambón pelado 580 g"" src=""https://static.carrefour.es/hd_280x_/supermercado/bcc_static/catalogImages/product/365208/365208.jpg"" srcset=""https://static.carrefour.es/hd_560x_/supermercado/bcc_static/catalogImages/product/365208/365208.jpg"" width=""100%""> <p class=""title-product"">
Brochetas  gambón pelado 580 g</p>"
Carne de Vieira 500 g aprox,"Envase de 500.0 g. aprox |
26,90 €/kg",,"13,45 €",,https://static.carrefour.es/hd_280x_/supermercado/bcc_static/catalogImages/product/835188/835188.jpg,"<img aria-describedby=""product-prod540203"" alt=""Carne de Vieira 500 g aprox"" src=""https://static.carrefour.es/hd_280x_/supermercado/bcc_static/catalogImages/product/835188/835188.jpg"" srcset=""https://static.carrefour.es/hd_560x_/supermercado/bcc_static/catalogImages/product/835188/835188.jpg"" width=""100%""> <p class=""title-product"">
Carne de Vieira 500 g aprox</p>"
,,,,,,