Title,kg price,Discounted Price,Actual Price,Actual Price 2,Image,Merchant Product Id HTML
Rodaja de Salmón Carrefour Calidad y Origen 200 g aprox,"Bandeja de 200.0 g. aprox |
14,90 €/kg","2,98 €",,"3,18 €",https://static.carrefour.es/hd_280x_/supermercado/bcc_static/catalogImages/product/283313/283313.jpg,"<img aria-describedby=""product-prod231114"" alt=""Rodaja de Salmón Carrefour Calidad y Origen 200 g aprox"" src=""https://static.carrefour.es/hd_280x_/supermercado/bcc_static/catalogImages/product/283313/283313.jpg"" srcset=""https://static.carrefour.es/hd_560x_/supermercado/bcc_static/catalogImages/product/283313/283313.jpg"" width=""100%""> <p class=""title-product"">
Rodaja de Salmón Carrefour Calidad y Origen 200 g aprox</p>"
Dorada a la Espalda 1 ud 400-600 gr aprox,"1 ud./Pieza de 400-600 gr. |
3,90 €/ud",,"3,90 €",,https://static.carrefour.es/hd_280x_/supermercado/bcc_static/catalogImages/product/191318/191318.jpg,"<img aria-describedby=""product-653701820"" alt=""Dorada a la Espalda 1 ud 400-600 gr aprox"" src=""https://static.carrefour.es/hd_280x_/supermercado/bcc_static/catalogImages/product/191318/191318.jpg"" srcset=""https://static.carrefour.es/hd_560x_/supermercado/bcc_static/catalogImages/product/191318/191318.jpg"" width=""100%""> <p class=""title-product"">
Dorada a la Espalda 1 ud 400-600 gr aprox</p>"
Lomo de Atún 300 gr aprox,"Bandeja de 200.0 g. aprox |
13,95 €/kg","2,79 €",,"2,99 €",https://static.carrefour.es/hd_280x_/supermercado/bcc_static/catalogImages/product/168559/168559.jpg,"<img aria-describedby=""product-616501747"" alt=""Lomo de Atún 300 gr aprox"" src=""https://static.carrefour.es/hd_280x_/supermercado/bcc_static/catalogImages/product/168559/168559.jpg"" srcset=""https://static.carrefour.es/hd_560x_/supermercado/bcc_static/catalogImages/product/168559/168559.jpg"" width=""100%""> <p class=""title-product"">
Lomo de Atún 300 gr aprox</p>"
Lubina de Ración Pieza 400-600 grs aprox,"Pieza de 500.0 g. aprox |
6,95 €/kg",,"3,47 €",,https://static.carrefour.es/hd_280x_/supermercado/bcc_static/catalogImages/product/301585/301585.jpg,"<img aria-describedby=""product-790212148"" alt=""Lubina de Ración Pieza 400-600 grs aprox"" src=""https://static.carrefour.es/hd_280x_/supermercado/bcc_static/catalogImages/product/301585/301585.jpg"" srcset=""https://static.carrefour.es/hd_560x_/supermercado/bcc_static/catalogImages/product/301585/301585.jpg"" width=""100%""> <p class=""title-product"">
Lubina de Ración Pieza 400-600 grs aprox</p>"
Filetes de Emperador 500 grs,"Bandeja de  500.0 g. aprox |
13,95 €/kg",,"6,97 €",,https://static.carrefour.es/hd_280x_/supermercado/bcc_static/catalogImages/product/374372/374372.jpg,"<img aria-describedby=""product-662704306"" alt=""Filetes de Emperador 500 grs"" src=""https://static.carrefour.es/hd_280x_/supermercado/bcc_static/catalogImages/product/374372/374372.jpg"" srcset=""https://static.carrefour.es/hd_560x_/supermercado/bcc_static/catalogImages/product/374372/374372.jpg"" width=""100%""> <p class=""title-product"">
Filetes de Emperador 500 grs</p>"
Salmón Carrefour Calidad y Origen Pieza de 1 a 3 kg aprox,"Pieza de 2500.0 g. aprox |
6,99 €/kg","17,47 €",,"22,37 €",https://static.carrefour.es/hd_280x_/supermercado/bcc_static/catalogImages/product/149458/149458.jpg,"<img aria-describedby=""product-872703936"" alt=""Salmón Carrefour Calidad y Origen Pieza de 1 a 3 kg aprox"" src=""https://static.carrefour.es/hd_280x_/supermercado/bcc_static/catalogImages/product/149458/149458.jpg"" srcset=""https://static.carrefour.es/hd_560x_/supermercado/bcc_static/catalogImages/product/149458/149458.jpg"" width=""100%""> <p class=""title-product"">
Salmón Carrefour Calidad y Origen Pieza de 1 a 3 kg aprox</p>"
Dorada de Ración 400-600 gr aprox,"Pieza de  500.0 g. aprox |
7,90 €/kg",,"3,95 €",,https://static.carrefour.es/hd_280x_/supermercado/bcc_static/catalogImages/product/033389/033389.jpg,"<img aria-describedby=""product-628108203"" alt=""Dorada de Ración 400-600 gr aprox"" src=""https://static.carrefour.es/hd_280x_/supermercado/bcc_static/catalogImages/product/033389/033389.jpg"" srcset=""https://static.carrefour.es/hd_560x_/supermercado/bcc_static/catalogImages/product/033389/033389.jpg"" width=""100%""> <p class=""title-product"">
Dorada de Ración 400-600 gr aprox</p>"
Lomos de Salmón Carrefour Calidad y Origen 300 g aprox,"Bandeja de 300.0 g. aprox |
17,90 €/kg","5,37 €",,"5,97 €",https://static.carrefour.es/hd_280x_/supermercado/bcc_static/catalogImages/product/295106/295106.jpg,"<img aria-describedby=""product-prod261161"" alt=""Lomos de Salmón Carrefour Calidad y Origen 300 g aprox"" src=""https://static.carrefour.es/hd_280x_/supermercado/bcc_static/catalogImages/product/295106/295106.jpg"" srcset=""https://static.carrefour.es/hd_560x_/supermercado/bcc_static/catalogImages/product/295106/295106.jpg"" width=""100%""> <p class=""title-product"">
Lomos de Salmón Carrefour Calidad y Origen 300 g aprox</p>"
Atún Solomillo 1 ud 150 gr,"Pieza de 120-150g. |
3,75 €/ud",,"3,75 €",,https://static.carrefour.es/hd_280x_/supermercado/bcc_static/catalogImages/product/114552/114552.jpg,"<img aria-describedby=""product-628108264"" alt=""Atún Solomillo 1 ud 150 gr"" src=""https://static.carrefour.es/hd_280x_/supermercado/bcc_static/catalogImages/product/114552/114552.jpg"" srcset=""https://static.carrefour.es/hd_560x_/supermercado/bcc_static/catalogImages/product/114552/114552.jpg"" width=""100%""> <p class=""title-product"">
Atún Solomillo 1 ud 150 gr</p>"
Lomo de Atún 300 g aprox,"Bandeja de 300.0 g. aprox |
13,95 €/kg","4,18 €",,"4,48 €",https://static.carrefour.es/hd_280x_/supermercado/bcc_static/catalogImages/product/232145/232145.jpg,"<img aria-describedby=""product-659101740"" alt=""Lomo de Atún 300 g aprox"" src=""https://static.carrefour.es/hd_280x_/supermercado/bcc_static/catalogImages/product/232145/232145.jpg"" srcset=""https://static.carrefour.es/hd_560x_/supermercado/bcc_static/catalogImages/product/232145/232145.jpg"" width=""100%""> <p class=""title-product"">
Lomo de Atún 300 g aprox</p>"
Boquerón Mediano 500 gr aprox,"80 piezas/kilo.  500.0 g. aprox |
4,90 €/kg",,"2,45 €",,https://static.carrefour.es/hd_280x_/supermercado/bcc_static/catalogImages/product/150842/150842.jpg,"<img aria-describedby=""product-628108274"" alt=""Boquerón Mediano 500 gr aprox"" src=""https://static.carrefour.es/hd_280x_/supermercado/bcc_static/catalogImages/product/150842/150842.jpg"" srcset=""https://static.carrefour.es/hd_560x_/supermercado/bcc_static/catalogImages/product/150842/150842.jpg"" width=""100%""> <p class=""title-product"">
Boquerón Mediano 500 gr aprox</p>"
Trucha Asalmonada Pieza 250 grs aprox,"Pieza de 250 g. |
8,00 €/kg",,"2,00 €",,https://static.carrefour.es/hd_280x_/supermercado/bcc_static/catalogImages/product/753220/753220.jpg,"<img aria-describedby=""product-608102437"" alt=""Trucha Asalmonada Pieza 250 grs aprox"" src=""https://static.carrefour.es/hd_280x_/supermercado/bcc_static/catalogImages/product/753220/753220.jpg"" srcset=""https://static.carrefour.es/hd_560x_/supermercado/bcc_static/catalogImages/product/753220/753220.jpg"" width=""100%""> <p class=""title-product"">
Trucha Asalmonada Pieza 250 grs aprox</p>"
Filetes de Bacalao 500 grs,"Bandeja de 500.0 g. aprox |
11,90 €/kg",,"5,95 €",,https://static.carrefour.es/hd_280x_/supermercado/bcc_static/catalogImages/product/374375/374375.jpg,"<img aria-describedby=""product-662704314"" alt=""Filetes de Bacalao 500 grs"" src=""https://static.carrefour.es/hd_280x_/supermercado/bcc_static/catalogImages/product/374375/374375.jpg"" srcset=""https://static.carrefour.es/hd_560x_/supermercado/bcc_static/catalogImages/product/374375/374375.jpg"" width=""100%""> <p class=""title-product"">
Filetes de Bacalao 500 grs</p>"
Filetes de Merluza 300 gr aprox,"Bandeja de 300.0 g. aprox |
14,99 €/kg",,"4,50 €",,https://static.carrefour.es/hd_280x_/supermercado/bcc_static/catalogImages/product/157589/157589.jpg,"<img aria-describedby=""product-prod66897"" alt=""Filetes de Merluza 300 gr aprox"" src=""https://static.carrefour.es/hd_280x_/supermercado/bcc_static/catalogImages/product/157589/157589.jpg"" srcset=""https://static.carrefour.es/hd_560x_/supermercado/bcc_static/catalogImages/product/157589/157589.jpg"" width=""100%""> <p class=""title-product"">
Filetes de Merluza 300 gr aprox</p>"
Filete de Salmón Carrefour Calidad y Origen 300 g aprox,"Bandeja de 300.0 g. aprox |
17,50 €/kg","5,25 €",,"5,67 €",https://static.carrefour.es/hd_280x_/supermercado/bcc_static/catalogImages/product/283326/283326.jpg,"<img aria-describedby=""product-prod231112"" alt=""Filete de Salmón Carrefour Calidad y Origen 300 g aprox"" src=""https://static.carrefour.es/hd_280x_/supermercado/bcc_static/catalogImages/product/283326/283326.jpg"" srcset=""https://static.carrefour.es/hd_560x_/supermercado/bcc_static/catalogImages/product/283326/283326.jpg"" width=""100%""> <p class=""title-product"">
Filete de Salmón Carrefour Calidad y Origen 300 g aprox</p>"
Filetes de Sardina 400 grs,"Bandeja de 400.0 g. aprox |
7,95 €/kg",,"3,18 €",,https://static.carrefour.es/hd_280x_/supermercado/bcc_static/catalogImages/product/374374/374374.jpg,"<img aria-describedby=""product-prod210532"" alt=""Filetes de Sardina 400 grs"" src=""https://static.carrefour.es/hd_280x_/supermercado/bcc_static/catalogImages/product/374374/374374.jpg"" srcset=""https://static.carrefour.es/hd_560x_/supermercado/bcc_static/catalogImages/product/374374/374374.jpg"" width=""100%""> <p class=""title-product"">
Filetes de Sardina 400 grs</p>"
Boquerón Grande 500 gr aprox,"50-60 pzas/kilo. 500.0 g. aprox |
6,90 €/kg",,"3,45 €",,https://static.carrefour.es/hd_280x_/supermercado/bcc_static/catalogImages/product/150863/150863.jpg,"<img aria-describedby=""product-628108276"" alt=""Boquerón Grande 500 gr aprox"" src=""https://static.carrefour.es/hd_280x_/supermercado/bcc_static/catalogImages/product/150863/150863.jpg"" srcset=""https://static.carrefour.es/hd_560x_/supermercado/bcc_static/catalogImages/product/150863/150863.jpg"" width=""100%""> <p class=""title-product"">
Boquerón Grande 500 gr aprox</p>"
Bonito rodaja 500 g aprox,"Envase de 500.0 g. aprox |
10,00 €/kg",,"5,00 €",,https://static.carrefour.es/hd_280x_/supermercado/bcc_static/catalogImages/product/033445/033445.jpg,"<img aria-describedby=""product-628108217"" alt=""Bonito rodaja 500 g aprox"" src=""https://static.carrefour.es/hd_280x_/supermercado/bcc_static/catalogImages/product/033445/033445.jpg"" srcset=""https://static.carrefour.es/hd_560x_/supermercado/bcc_static/catalogImages/product/033445/033445.jpg"" width=""100%""> <p class=""title-product"">
Bonito rodaja 500 g aprox</p>"
Bacaladilla Gorda 500 gr aprox,"100-120 gr/ ud  500.0 g. aprox |
2,90 €/kg",,"1,45 €",,https://static.carrefour.es/hd_280x_/supermercado/bcc_static/catalogImages/product/058128/058128.jpg,"<img aria-describedby=""product-628108250"" alt=""Bacaladilla Gorda 500 gr aprox"" src=""https://static.carrefour.es/hd_280x_/supermercado/bcc_static/catalogImages/product/058128/058128.jpg"" srcset=""https://static.carrefour.es/hd_560x_/supermercado/bcc_static/catalogImages/product/058128/058128.jpg"" width=""100%""> <p class=""title-product"">
Bacaladilla Gorda 500 gr aprox</p>"
Filete de merluza 500 g aprox,"500 g 500.0 g. aprox |
9,90 €/kg",,"4,95 €",,https://static.carrefour.es/hd_280x_/supermercado/bcc_static/catalogImages/product/234644/234644.jpg,"<img aria-describedby=""product-prod395352"" alt=""Filete de merluza 500 g aprox"" src=""https://static.carrefour.es/hd_280x_/supermercado/bcc_static/catalogImages/product/234644/234644.jpg"" srcset=""https://static.carrefour.es/hd_560x_/supermercado/bcc_static/catalogImages/product/234644/234644.jpg"" width=""100%""> <p class=""title-product"">
Filete de merluza 500 g aprox</p>"
Lomo de salmón Carrefour Calidad y Origen 500 g aprox,"Envase de 500.0 g. aprox |
16,26 €/kg","8,13 €",,"11,45 €",https://static.carrefour.es/hd_280x_/supermercado/bcc_static/catalogImages/product/002331/002331.jpg,"<img aria-describedby=""product-prod810120"" alt=""Lomo de salmón Carrefour Calidad y Origen 500 g aprox"" src=""https://static.carrefour.es/hd_280x_/supermercado/bcc_static/catalogImages/product/002331/002331.jpg"" srcset=""https://static.carrefour.es/hd_560x_/supermercado/bcc_static/catalogImages/product/002331/002331.jpg"" width=""100%""> <p class=""title-product"">
Lomo de salmón Carrefour Calidad y Origen 500 g aprox</p>"
Pescadilla Fina Nara Pieza de 1000 g aprox,"Pieza de 1000.0 g. aprox |
4,90 €/kg",,"4,90 €",,https://static.carrefour.es/hd_280x_/supermercado/bcc_static/catalogImages/product/235048/235048.jpg,"<img aria-describedby=""product-531505553"" alt=""Pescadilla Fina Nara Pieza de 1000 g aprox"" src=""https://static.carrefour.es/hd_280x_/supermercado/bcc_static/catalogImages/product/235048/235048.jpg"" srcset=""https://static.carrefour.es/hd_560x_/supermercado/bcc_static/catalogImages/product/235048/235048.jpg"" width=""100%""> <p class=""title-product"">
Pescadilla Fina Nara Pieza de 1000 g aprox</p>"
Lubina de estero Calidad y Origen Carrefour 400-600 g aprox.,"Bandeja de  500.0 g. aprox |
12,60 €/kg",,"6,30 €",,https://static.carrefour.es/hd_280x_/supermercado/bcc_static/catalogImages/product/031154/031154.jpg,"<img aria-describedby=""product-prod890055"" alt=""Lubina de estero Calidad y Origen Carrefour 400-600 g aprox."" src=""https://static.carrefour.es/hd_280x_/supermercado/bcc_static/catalogImages/product/031154/031154.jpg"" srcset=""https://static.carrefour.es/hd_560x_/supermercado/bcc_static/catalogImages/product/031154/031154.jpg"" width=""100%""> <p class=""title-product"">
Lubina de estero Calidad y Origen Carrefour 400-600 g aprox.</p>"
Pez Espada Pieza 1000 gr aprox,"Bandeja de  1000.0 g. aprox |
13,95 €/kg",,"13,95 €",,https://static.carrefour.es/hd_280x_/supermercado/bcc_static/catalogImages/product/033453/033453.jpg,"<img aria-describedby=""product-530066878"" alt=""Pez Espada Pieza 1000 gr aprox"" src=""https://static.carrefour.es/hd_280x_/supermercado/bcc_static/catalogImages/product/033453/033453.jpg"" srcset=""https://static.carrefour.es/hd_560x_/supermercado/bcc_static/catalogImages/product/033453/033453.jpg"" width=""100%""> <p class=""title-product"">
Pez Espada Pieza 1000 gr aprox</p>"
,,,,,,
Sardina Gorda 500 gr aprox,"14-16 pzas/kilo. 500.0 g. aprox |
4,90 €/kg",,"2,45 €",,https://static.carrefour.es/hd_280x_/supermercado/bcc_static/catalogImages/product/033684/033684.jpg,"<img aria-describedby=""product-540001614"" alt=""Sardina Gorda 500 gr aprox"" src=""https://static.carrefour.es/hd_280x_/supermercado/bcc_static/catalogImages/product/033684/033684.jpg"" srcset=""https://static.carrefour.es/hd_560x_/supermercado/bcc_static/catalogImages/product/033684/033684.jpg"" width=""100%""> <p class=""title-product"">
Sardina Gorda 500 gr aprox</p>"
Bonito Mediano en Trozos 500 gr aprox,"Bandeja de  500.0 g. aprox |
14,50 €/kg",,"7,25 €",,https://static.carrefour.es/hd_280x_/supermercado/bcc_static/catalogImages/product/092241/092241.jpg,"<img aria-describedby=""product-prod392991"" alt=""Bonito Mediano en Trozos 500 gr aprox"" src=""https://static.carrefour.es/hd_280x_/supermercado/bcc_static/catalogImages/product/092241/092241.jpg"" srcset=""https://static.carrefour.es/hd_560x_/supermercado/bcc_static/catalogImages/product/092241/092241.jpg"" width=""100%""> <p class=""title-product"">
Bonito Mediano en Trozos 500 gr aprox</p>"
Palometa Pieza 1000 gr aprox,"Pieza de 1000.0 g. aprox |
4,50 €/kg",,"4,50 €",,https://static.carrefour.es/hd_280x_/supermercado/bcc_static/catalogImages/product/033394/033394.jpg,"<img aria-describedby=""product-628108207"" alt=""Palometa Pieza 1000 gr aprox"" src=""https://static.carrefour.es/hd_280x_/supermercado/bcc_static/catalogImages/product/033394/033394.jpg"" srcset=""https://static.carrefour.es/hd_560x_/supermercado/bcc_static/catalogImages/product/033394/033394.jpg"" width=""100%""> <p class=""title-product"">
Palometa Pieza 1000 gr aprox</p>"
Sardina Parrocha 500 gr aprox,"30-50 piezas/kilo. 500.0 g. aprox |
4,90 €/kg",,"2,45 €",,https://static.carrefour.es/hd_280x_/supermercado/bcc_static/catalogImages/product/056912/056912.jpg,"<img aria-describedby=""product-628108248"" alt=""Sardina Parrocha 500 gr aprox"" src=""https://static.carrefour.es/hd_280x_/supermercado/bcc_static/catalogImages/product/056912/056912.jpg"" srcset=""https://static.carrefour.es/hd_560x_/supermercado/bcc_static/catalogImages/product/056912/056912.jpg"" width=""100%""> <p class=""title-product"">
Sardina Parrocha 500 gr aprox</p>"
Gallo Ración 500 gr aprox,"Bandeja de 500.0 g. aprox |
7,50 €/kg",,"3,75 €",,https://static.carrefour.es/hd_280x_/supermercado/bcc_static/catalogImages/product/164024/164024.jpg,"<img aria-describedby=""product-867010415"" alt=""Gallo Ración 500 gr aprox"" src=""https://static.carrefour.es/hd_280x_/supermercado/bcc_static/catalogImages/product/164024/164024.jpg"" srcset=""https://static.carrefour.es/hd_560x_/supermercado/bcc_static/catalogImages/product/164024/164024.jpg"" width=""100%""> <p class=""title-product"">
Gallo Ración 500 gr aprox</p>"
Lenguado de Ración 150 gr aprox,"Bandeja de 125.0 g. aprox |
14,90 €/kg",,"1,86 €",,https://static.carrefour.es/hd_280x_/supermercado/bcc_static/catalogImages/product/232198/232198.jpg,"<img aria-describedby=""product-628108310"" alt=""Lenguado de Ración 150 gr aprox"" src=""https://static.carrefour.es/hd_280x_/supermercado/bcc_static/catalogImages/product/232198/232198.jpg"" srcset=""https://static.carrefour.es/hd_560x_/supermercado/bcc_static/catalogImages/product/232198/232198.jpg"" width=""100%""> <p class=""title-product"">
Lenguado de Ración 150 gr aprox</p>"
Filete de Bacaladilla 500 gr,"Bandeja de  500.0 g. aprox |
6,90 €/kg",,"3,45 €",,https://static.carrefour.es/hd_280x_/supermercado/bcc_static/catalogImages/product/232059/232059.jpg,"<img aria-describedby=""product-816210792"" alt=""Filete de Bacaladilla 500 gr"" src=""https://static.carrefour.es/hd_280x_/supermercado/bcc_static/catalogImages/product/232059/232059.jpg"" srcset=""https://static.carrefour.es/hd_560x_/supermercado/bcc_static/catalogImages/product/232059/232059.jpg"" width=""100%""> <p class=""title-product"">
Filete de Bacaladilla 500 gr</p>"
Filete de Merluza 300 grs,"Bandeja de 300.0 g. aprox |
15,90 €/kg",,"4,77 €",,https://static.carrefour.es/hd_280x_/supermercado/bcc_static/catalogImages/product/374457/374457.jpg,"<img aria-describedby=""product-prod90006"" alt=""Filete de Merluza 300 grs"" src=""https://static.carrefour.es/hd_280x_/supermercado/bcc_static/catalogImages/product/374457/374457.jpg"" srcset=""https://static.carrefour.es/hd_560x_/supermercado/bcc_static/catalogImages/product/374457/374457.jpg"" width=""100%""> <p class=""title-product"">
Filete de Merluza 300 grs</p>"
Lomos de Salmón Ecológico Carrefour Bio (2und x 150g) 300 g,"300 g. |
43,30 €/kg",,"12,99 €",,https://static.carrefour.es/hd_280x_/supermercado/bcc_static/catalogImages/product/826464/826464.jpg,"<img aria-describedby=""product-prod460057"" alt=""Lomos de Salmón Ecológico Carrefour Bio (2und x 150g) 300 g"" src=""https://static.carrefour.es/hd_280x_/supermercado/bcc_static/catalogImages/product/826464/826464.jpg"" srcset=""https://static.carrefour.es/hd_560x_/supermercado/bcc_static/catalogImages/product/826464/826464.jpg"" width=""100%""> <p class=""title-product"">
Lomos de Salmón Ecológico Carrefour Bio (2und x 150g) 300 g</p>"
Bacalao Pieza de 1500 gr aprox,"Pieza de 1500.0 g. aprox |
7,50 €/kg",,"11,25 €",,https://static.carrefour.es/hd_280x_/supermercado/bcc_static/catalogImages/product/234919/234919.jpg,"<img aria-describedby=""product-531505549"" alt=""Bacalao Pieza de 1500 gr aprox"" src=""https://static.carrefour.es/hd_280x_/supermercado/bcc_static/catalogImages/product/234919/234919.jpg"" srcset=""https://static.carrefour.es/hd_560x_/supermercado/bcc_static/catalogImages/product/234919/234919.jpg"" width=""100%""> <p class=""title-product"">
Bacalao Pieza de 1500 gr aprox</p>"
Filete Bacalao 500 gr aprox,"400-600 gr/filete. 500.0 g. aprox |
11,90 €/kg",,"5,95 €",,https://static.carrefour.es/hd_280x_/supermercado/bcc_static/catalogImages/product/033431/033431.jpg,"<img aria-describedby=""product-628108213"" alt=""Filete Bacalao 500 gr aprox"" src=""https://static.carrefour.es/hd_280x_/supermercado/bcc_static/catalogImages/product/033431/033431.jpg"" srcset=""https://static.carrefour.es/hd_560x_/supermercado/bcc_static/catalogImages/product/033431/033431.jpg"" width=""100%""> <p class=""title-product"">
Filete Bacalao 500 gr aprox</p>"
Filetes de Halibut 400 grs,"Bandeja de 400.0 g. aprox |
15,90 €/kg",,"6,36 €",,https://static.carrefour.es/hd_280x_/supermercado/bcc_static/catalogImages/product/374371/374371.jpg,"<img aria-describedby=""product-prod90375"" alt=""Filetes de Halibut 400 grs"" src=""https://static.carrefour.es/hd_280x_/supermercado/bcc_static/catalogImages/product/374371/374371.jpg"" srcset=""https://static.carrefour.es/hd_560x_/supermercado/bcc_static/catalogImages/product/374371/374371.jpg"" width=""100%""> <p class=""title-product"">
Filetes de Halibut 400 grs</p>"
Filetes de Trucha 200-400 grs aprox,"Bandeja de  400.0 g. aprox |
13,90 €/kg",,"5,56 €",,https://static.carrefour.es/hd_280x_/supermercado/bcc_static/catalogImages/product/374376/374376.jpg,"<img aria-describedby=""product-662704324"" alt=""Filetes de Trucha 200-400 grs aprox"" src=""https://static.carrefour.es/hd_280x_/supermercado/bcc_static/catalogImages/product/374376/374376.jpg"" srcset=""https://static.carrefour.es/hd_560x_/supermercado/bcc_static/catalogImages/product/374376/374376.jpg"" width=""100%""> <p class=""title-product"">
Filetes de Trucha 200-400 grs aprox</p>"
Dorada de estero Carrefour Calidad y Origen 500 g aprox,"Envase de 500.0 g. aprox |
13,40 €/kg",,"6,70 €",,https://static.carrefour.es/hd_280x_/supermercado/bcc_static/catalogImages/product/031139/031139.jpg,"<img aria-describedby=""product-prod890047"" alt=""Dorada de estero Carrefour Calidad y Origen 500 g aprox"" src=""https://static.carrefour.es/hd_280x_/supermercado/bcc_static/catalogImages/product/031139/031139.jpg"" srcset=""https://static.carrefour.es/hd_560x_/supermercado/bcc_static/catalogImages/product/031139/031139.jpg"" width=""100%""> <p class=""title-product"">
Dorada de estero Carrefour Calidad y Origen 500 g aprox</p>"
Rodaballo Carrefour Calidad y Origen Pieza 1500 g aprox,"Pieza de 1500.0 g. aprox |
14,80 €/kg",,"22,20 €",,https://static.carrefour.es/hd_280x_/supermercado/bcc_static/catalogImages/product/395409/395409.jpg,"<img aria-describedby=""product-628108409"" alt=""Rodaballo Carrefour Calidad y Origen Pieza 1500 g aprox"" src=""https://static.carrefour.es/hd_280x_/supermercado/bcc_static/catalogImages/product/395409/395409.jpg"" srcset=""https://static.carrefour.es/hd_560x_/supermercado/bcc_static/catalogImages/product/395409/395409.jpg"" width=""100%""> <p class=""title-product"">
Rodaballo Carrefour Calidad y Origen Pieza 1500 g aprox</p>"
Lubina Filete 400 g aprox,"Bandeja de 400.0 g. aprox |
23,90 €/kg",,"9,56 €",,https://static.carrefour.es/hd_280x_/supermercado/bcc_static/catalogImages/product/148828/148828.jpg,"<img aria-describedby=""product-872703914"" alt=""Lubina Filete 400 g aprox"" src=""https://static.carrefour.es/hd_280x_/supermercado/bcc_static/catalogImages/product/148828/148828.jpg"" srcset=""https://static.carrefour.es/hd_560x_/supermercado/bcc_static/catalogImages/product/148828/148828.jpg"" width=""100%""> <p class=""title-product"">
Lubina Filete 400 g aprox</p>"
Perca Filete 500 gr aprox,"Envase de 500.0 g. aprox |
10,90 €/kg",,"5,45 €",,https://static.carrefour.es/hd_280x_/supermercado/bcc_static/catalogImages/product/146799/146799.jpg,"<img aria-describedby=""product-530067502"" alt=""Perca Filete 500 gr aprox  "" src=""https://static.carrefour.es/hd_280x_/supermercado/bcc_static/catalogImages/product/146799/146799.jpg"" srcset=""https://static.carrefour.es/hd_560x_/supermercado/bcc_static/catalogImages/product/146799/146799.jpg"" width=""100%""> <p class=""title-product"">
Perca Filete 500 gr aprox  </p>"
Salmonete Pequeño 500 gr aprox,"10-15 piezas por kilo. Bandeja de  500.0 g. aprox |
8,90 €/kg",,"4,45 €",,https://static.carrefour.es/hd_280x_/supermercado/bcc_static/catalogImages/product/033420/033420.jpg,"<img aria-describedby=""product-628108211"" alt=""Salmonete Pequeño 500 gr aprox"" src=""https://static.carrefour.es/hd_280x_/supermercado/bcc_static/catalogImages/product/033420/033420.jpg"" srcset=""https://static.carrefour.es/hd_560x_/supermercado/bcc_static/catalogImages/product/033420/033420.jpg"" width=""100%""> <p class=""title-product"">
Salmonete Pequeño 500 gr aprox</p>"
Lomo de salmón Carrefour Calidad y Origen 500 g aprox,"Envase de 500.0 g. aprox |
16,26 €/kg","8,13 €",,"11,45 €",https://static.carrefour.es/hd_280x_/supermercado/bcc_static/catalogImages/product/003300/003300.jpg,"<img aria-describedby=""product-prod810153"" alt=""Lomo de salmón Carrefour Calidad y Origen 500 g aprox"" src=""https://static.carrefour.es/hd_280x_/supermercado/bcc_static/catalogImages/product/003300/003300.jpg"" srcset=""https://static.carrefour.es/hd_560x_/supermercado/bcc_static/catalogImages/product/003300/003300.jpg"" width=""100%""> <p class=""title-product"">
Lomo de salmón Carrefour Calidad y Origen 500 g aprox</p>"
Gallo Filete por piezas 1 Kg aprox,"Envase de 1000.0 g. aprox |
16,90 €/kg",,"16,90 €",,https://static.carrefour.es/hd_280x_/supermercado/bcc_static/catalogImages/product/164038/164038.jpg,"<img aria-describedby=""product-867010922"" alt=""Gallo Filete por piezas 1 Kg aprox   "" src=""https://static.carrefour.es/hd_280x_/supermercado/bcc_static/catalogImages/product/164038/164038.jpg"" srcset=""https://static.carrefour.es/hd_560x_/supermercado/bcc_static/catalogImages/product/164038/164038.jpg"" width=""100%""> <p class=""title-product"">
Gallo Filete por piezas 1 Kg aprox   </p>"
Cola Rape Pequeña Pieza 500 g aprox,"Envase de 500.0 g. aprox |
21,50 €/kg",,"10,75 €",,https://static.carrefour.es/hd_280x_/supermercado/bcc_static/catalogImages/product/033411/033411.jpg,"<img aria-describedby=""product-609800646"" alt=""Cola Rape Pequeña Pieza 500 g aprox   "" src=""https://static.carrefour.es/hd_280x_/supermercado/bcc_static/catalogImages/product/033411/033411.jpg"" srcset=""https://static.carrefour.es/hd_560x_/supermercado/bcc_static/catalogImages/product/033411/033411.jpg"" width=""100%""> <p class=""title-product"">
Cola Rape Pequeña Pieza 500 g aprox   </p>"
Rape Blanco Pieza de 1 a 3 kg 500 gr aprox,"Pieza de 2000.0 g. aprox |
8,90 €/kg",,"17,80 €",,https://static.carrefour.es/hd_280x_/supermercado/bcc_static/catalogImages/product/234989/234989.jpg,"<img aria-describedby=""product-530807348"" alt=""Rape Blanco Pieza de 1 a 3 kg 500 gr aprox"" src=""https://static.carrefour.es/hd_280x_/supermercado/bcc_static/catalogImages/product/234989/234989.jpg"" srcset=""https://static.carrefour.es/hd_560x_/supermercado/bcc_static/catalogImages/product/234989/234989.jpg"" width=""100%""> <p class=""title-product"">
Rape Blanco Pieza de 1 a 3 kg 500 gr aprox</p>"
Lubina a la Espalda 300-400 g aprox,"Bandeja de 400.0 g. aprox |
10,45 €/kg",,"4,18 €",,https://static.carrefour.es/hd_280x_/supermercado/bcc_static/catalogImages/product/195330/195330.jpg,"<img aria-describedby=""product-prod68619"" alt=""Lubina a la Espalda 300-400 g aprox"" src=""https://static.carrefour.es/hd_280x_/supermercado/bcc_static/catalogImages/product/195330/195330.jpg"" srcset=""https://static.carrefour.es/hd_560x_/supermercado/bcc_static/catalogImages/product/195330/195330.jpg"" width=""100%""> <p class=""title-product"">
Lubina a la Espalda 300-400 g aprox</p>"
Escalopines de Salmón Ecológico Carrefour Bio (6und x 45g) 270 g,"270 gr. |
44,41 €/kg",,"11,99 €",,https://static.carrefour.es/hd_280x_/supermercado/bcc_static/catalogImages/product/826465/826465.jpg,"<img aria-describedby=""product-prod460058"" alt=""Escalopines de Salmón Ecológico Carrefour Bio (6und x 45g) 270 g  "" src=""https://static.carrefour.es/hd_280x_/supermercado/bcc_static/catalogImages/product/826465/826465.jpg"" srcset=""https://static.carrefour.es/hd_560x_/supermercado/bcc_static/catalogImages/product/826465/826465.jpg"" width=""100%""> <p class=""title-product"">
Escalopines de Salmón Ecológico Carrefour Bio (6und x 45g) 270 g  </p>"
,,,,,,
Filete de Sardina 500 gr aprox,"Bandeja de 500.0 g. aprox |
7,95 €/kg",,"3,97 €",,https://static.carrefour.es/hd_280x_/supermercado/bcc_static/catalogImages/product/234860/234860.jpg,"<img aria-describedby=""product-prod300803"" alt=""Filete de Sardina 500 gr aprox"" src=""https://static.carrefour.es/hd_280x_/supermercado/bcc_static/catalogImages/product/234860/234860.jpg"" srcset=""https://static.carrefour.es/hd_560x_/supermercado/bcc_static/catalogImages/product/234860/234860.jpg"" width=""100%""> <p class=""title-product"">
Filete de Sardina 500 gr aprox</p>"
Filete merluza merca 500 g aprox,"500 g 500.0 g. aprox |
10,00 €/kg",,"5,00 €",,https://static.carrefour.es/hd_280x_/supermercado/bcc_static/catalogImages/product/857604/857604.jpg,"<img aria-describedby=""product-prod731541"" alt=""Filete merluza merca 500 g aprox"" src=""https://static.carrefour.es/hd_280x_/supermercado/bcc_static/catalogImages/product/857604/857604.jpg"" srcset=""https://static.carrefour.es/hd_560x_/supermercado/bcc_static/catalogImages/product/857604/857604.jpg"" width=""100%""> <p class=""title-product"">
Filete merluza merca 500 g aprox</p>"
Merluza volanta 2 Kg aprox,"Envase de 2000.0 g. aprox |
8,76 €/kg",,"17,52 €",,https://static.carrefour.es/hd_280x_/supermercado/bcc_static/catalogImages/product/164031/164031.jpg,"<img aria-describedby=""product-867010705"" alt=""Merluza volanta 2 Kg aprox"" src=""https://static.carrefour.es/hd_280x_/supermercado/bcc_static/catalogImages/product/164031/164031.jpg"" srcset=""https://static.carrefour.es/hd_560x_/supermercado/bcc_static/catalogImages/product/164031/164031.jpg"" width=""100%""> <p class=""title-product"">
Merluza volanta 2 Kg aprox</p>"
Salmón Sashimi Ahumados 140 g,"Bandeja de 140 g |
45,71 €/kg",,"6,40 €",,https://static.carrefour.es/hd_280x_/supermercado/bcc_static/catalogImages/product/804278/804278.jpg,"<img aria-describedby=""product-627401633"" alt=""Salmón Sashimi Ahumados 140 g"" src=""https://static.carrefour.es/hd_280x_/supermercado/bcc_static/catalogImages/product/804278/804278.jpg"" srcset=""https://static.carrefour.es/hd_560x_/supermercado/bcc_static/catalogImages/product/804278/804278.jpg"" width=""100%""> <p class=""title-product"">
Salmón Sashimi Ahumados 140 g</p>"
Mendo 500 gr aprox,"100-125 gr./ud. Bandeja de  500.0 g. aprox |
6,90 €/kg",,"3,45 €",,https://static.carrefour.es/hd_280x_/supermercado/bcc_static/catalogImages/product/058148/058148.jpg,"<img aria-describedby=""product-530305117"" alt=""Mendo 500 gr aprox"" src=""https://static.carrefour.es/hd_280x_/supermercado/bcc_static/catalogImages/product/058148/058148.jpg"" srcset=""https://static.carrefour.es/hd_560x_/supermercado/bcc_static/catalogImages/product/058148/058148.jpg"" width=""100%""> <p class=""title-product"">
Mendo 500 gr aprox</p>"
Dorada Filete 400 g aprox,"Bandeja de 400.0 g. aprox |
23,90 €/kg",,"9,56 €",,https://static.carrefour.es/hd_280x_/supermercado/bcc_static/catalogImages/product/148790/148790.jpg,"<img aria-describedby=""product-872703912"" alt=""Dorada Filete 400 g aprox"" src=""https://static.carrefour.es/hd_280x_/supermercado/bcc_static/catalogImages/product/148790/148790.jpg"" srcset=""https://static.carrefour.es/hd_560x_/supermercado/bcc_static/catalogImages/product/148790/148790.jpg"" width=""100%""> <p class=""title-product"">
Dorada Filete 400 g aprox</p>"
Filete de Salmón Carrefour Calidad y Origen 500 g,"Filete de  500.0 g. aprox |
24,50 €/kg",,"12,25 €",,https://static.carrefour.es/hd_280x_/supermercado/bcc_static/catalogImages/product/283331/283331.jpg,"<img aria-describedby=""product-prod231049"" alt=""Filete de Salmón Carrefour Calidad y Origen 500 g"" src=""https://static.carrefour.es/hd_280x_/supermercado/bcc_static/catalogImages/product/283331/283331.jpg"" srcset=""https://static.carrefour.es/hd_560x_/supermercado/bcc_static/catalogImages/product/283331/283331.jpg"" width=""100%""> <p class=""title-product"">
Filete de Salmón Carrefour Calidad y Origen 500 g</p>"
Filete Trucha Asalmonada 300-400 g aprox,"Bandeja de 400.0 g. aprox |
13,90 €/kg",,"5,56 €",,https://static.carrefour.es/hd_280x_/supermercado/bcc_static/catalogImages/product/231973/231973.jpg,"<img aria-describedby=""product-628108308"" alt=""Filete Trucha Asalmonada 300-400 g aprox"" src=""https://static.carrefour.es/hd_280x_/supermercado/bcc_static/catalogImages/product/231973/231973.jpg"" srcset=""https://static.carrefour.es/hd_560x_/supermercado/bcc_static/catalogImages/product/231973/231973.jpg"" width=""100%""> <p class=""title-product"">
Filete Trucha Asalmonada 300-400 g aprox</p>"
Cabras 500 g aprox,"Envase de 500.0 g. aprox |
5,50 €/kg",,"2,75 €",,https://static.carrefour.es/hd_280x_/supermercado/bcc_static/catalogImages/product/234921/234921.jpg,"<img aria-describedby=""product-872704770"" alt=""Cabras 500 g aprox"" src=""https://static.carrefour.es/hd_280x_/supermercado/bcc_static/catalogImages/product/234921/234921.jpg"" srcset=""https://static.carrefour.es/hd_560x_/supermercado/bcc_static/catalogImages/product/234921/234921.jpg"" width=""100%""> <p class=""title-product"">
Cabras 500 g aprox</p>"
Lomo de Merluza 500 grs,"Bandeja de 500.0 g. aprox |
15,90 €/kg",,"7,95 €",,https://static.carrefour.es/hd_280x_/supermercado/bcc_static/catalogImages/product/313068/313068.jpg,"<img aria-describedby=""product-prod250405"" alt=""Lomo de Merluza 500 grs"" src=""https://static.carrefour.es/hd_280x_/supermercado/bcc_static/catalogImages/product/313068/313068.jpg"" srcset=""https://static.carrefour.es/hd_560x_/supermercado/bcc_static/catalogImages/product/313068/313068.jpg"" width=""100%""> <p class=""title-product"">
Lomo de Merluza 500 grs</p>"
Bacaladilla Filete 300 gr aprox,"Envase de 500.0 g. aprox |
6,90 €/kg",,"3,45 €",,https://static.carrefour.es/hd_280x_/supermercado/bcc_static/catalogImages/product/083214/083214.jpg,"<img aria-describedby=""product-773902968"" alt=""Bacaladilla Filete 300 gr aprox"" src=""https://static.carrefour.es/hd_280x_/supermercado/bcc_static/catalogImages/product/083214/083214.jpg"" srcset=""https://static.carrefour.es/hd_560x_/supermercado/bcc_static/catalogImages/product/083214/083214.jpg"" width=""100%""> <p class=""title-product"">
Bacaladilla Filete 300 gr aprox</p>"
Atun Sashimi Ahumados 150 g,"Bandeja de 150 g |
39,93 €/kg",,"5,99 €",,https://static.carrefour.es/hd_280x_/supermercado/bcc_static/catalogImages/product/804276/804276.jpg,"<img aria-describedby=""product-627401627"" alt=""Atun Sashimi Ahumados 150 g"" src=""https://static.carrefour.es/hd_280x_/supermercado/bcc_static/catalogImages/product/804276/804276.jpg"" srcset=""https://static.carrefour.es/hd_560x_/supermercado/bcc_static/catalogImages/product/804276/804276.jpg"" width=""100%""> <p class=""title-product"">
Atun Sashimi Ahumados 150 g</p>"
Filete Salmón Ecológico Carrefour Bio 300 g,"Bandeja de 300.0 g. aprox |
37,90 €/kg",,"11,37 €",,https://static.carrefour.es/hd_280x_/supermercado/bcc_static/catalogImages/product/826453/826453.jpg,"<img aria-describedby=""product-prod460053"" alt=""Filete Salmón Ecológico Carrefour Bio 300 g"" src=""https://static.carrefour.es/hd_280x_/supermercado/bcc_static/catalogImages/product/826453/826453.jpg"" srcset=""https://static.carrefour.es/hd_560x_/supermercado/bcc_static/catalogImages/product/826453/826453.jpg"" width=""100%""> <p class=""title-product"">
Filete Salmón Ecológico Carrefour Bio 300 g</p>"
Rodaja de Merluza Corte 500 gr aprox,"al corte 500.0 g. aprox |
17,90 €/kg",,"8,95 €",,https://static.carrefour.es/hd_280x_/supermercado/bcc_static/catalogImages/product/056207/056207.jpg,"<img aria-describedby=""product-605323887"" alt=""Rodaja de Merluza Corte 500 gr aprox"" src=""https://static.carrefour.es/hd_280x_/supermercado/bcc_static/catalogImages/product/056207/056207.jpg"" srcset=""https://static.carrefour.es/hd_560x_/supermercado/bcc_static/catalogImages/product/056207/056207.jpg"" width=""100%""> <p class=""title-product"">
Rodaja de Merluza Corte 500 gr aprox</p>"
Besugo de Cultivo Pieza 600-800 grs aprox,"Pieza de 800 g. |
17,38 €/kg",,"13,90 €",,https://static.carrefour.es/hd_280x_/supermercado/bcc_static/catalogImages/product/799614/799614.jpg,"<img aria-describedby=""product-628108479"" alt=""Besugo de Cultivo Pieza 600-800 grs aprox"" src=""https://static.carrefour.es/hd_280x_/supermercado/bcc_static/catalogImages/product/799614/799614.jpg"" srcset=""https://static.carrefour.es/hd_560x_/supermercado/bcc_static/catalogImages/product/799614/799614.jpg"" width=""100%""> <p class=""title-product"">
Besugo de Cultivo Pieza 600-800 grs aprox</p>"
Salmonete de lonja 1 Kg aprox,"Envase de 1000.0 g. aprox |
7,90 €/kg",,"7,90 €",,https://static.carrefour.es/hd_280x_/supermercado/bcc_static/catalogImages/product/120764/120764.jpg,"<img aria-describedby=""product-fprod1210343"" alt=""Salmonete de lonja 1 Kg aprox"" src=""https://static.carrefour.es/hd_280x_/supermercado/bcc_static/catalogImages/product/120764/120764.jpg"" srcset=""https://static.carrefour.es/hd_560x_/supermercado/bcc_static/catalogImages/product/120764/120764.jpg"" width=""100%""> <p class=""title-product"">
Salmonete de lonja 1 Kg aprox</p>"
Bonito Mediano Ventresca 1 Kg aprox,"1 kg. 1000.0 g. aprox |
29,10 €/kg",,"29,10 €",,https://static.carrefour.es/hd_280x_/supermercado/bcc_static/catalogImages/product/092240/092240.jpg,"<img aria-describedby=""product-prod392992"" alt=""Bonito Mediano Ventresca 1 Kg aprox"" src=""https://static.carrefour.es/hd_280x_/supermercado/bcc_static/catalogImages/product/092240/092240.jpg"" srcset=""https://static.carrefour.es/hd_560x_/supermercado/bcc_static/catalogImages/product/092240/092240.jpg"" width=""100%""> <p class=""title-product"">
Bonito Mediano Ventresca 1 Kg aprox</p>"
"Salmón por piezas al corte Carrefour Calidad y Origen 5,500 kg aprox","Bandeja de 5500.0 g. aprox |
11,95 €/kg",,"65,72 €",,https://static.carrefour.es/hd_280x_/supermercado/bcc_static/catalogImages/product/216998/216998.jpg,"<img aria-describedby=""product-prod81819"" alt=""Salmón por piezas al corte Carrefour Calidad y Origen 5,500 kg aprox"" src=""https://static.carrefour.es/hd_280x_/supermercado/bcc_static/catalogImages/product/216998/216998.jpg"" srcset=""https://static.carrefour.es/hd_560x_/supermercado/bcc_static/catalogImages/product/216998/216998.jpg"" width=""100%""> <p class=""title-product"">
Salmón por piezas al corte Carrefour Calidad y Origen 5,500 kg aprox</p>"
Atún Solomillo 200 gr aprox,"Bandeja de  200.0 g. aprox |
18,99 €/kg",,"3,80 €",,https://static.carrefour.es/hd_280x_/supermercado/bcc_static/catalogImages/product/232275/232275.jpg,"<img aria-describedby=""product-605301805"" alt=""Atún Solomillo 200 gr aprox"" src=""https://static.carrefour.es/hd_280x_/supermercado/bcc_static/catalogImages/product/232275/232275.jpg"" srcset=""https://static.carrefour.es/hd_560x_/supermercado/bcc_static/catalogImages/product/232275/232275.jpg"" width=""100%""> <p class=""title-product"">
Atún Solomillo 200 gr aprox</p>"
Sardina Grande Salmuera 1 Kg aprox,"Envase de 1000.0 g. aprox |
3,99 €/kg",,"3,99 €",,https://static.carrefour.es/hd_280x_/supermercado/bcc_static/catalogImages/product/086744/086744.jpg,"<img aria-describedby=""product-628108256"" alt=""Sardina Grande Salmuera 1 Kg aprox   "" src=""https://static.carrefour.es/hd_280x_/supermercado/bcc_static/catalogImages/product/086744/086744.jpg"" srcset=""https://static.carrefour.es/hd_560x_/supermercado/bcc_static/catalogImages/product/086744/086744.jpg"" width=""100%""> <p class=""title-product"">
Sardina Grande Salmuera 1 Kg aprox   </p>"
Pescadilla fina pijota 1 Kg aprox,"1 Kg 1000.0 g. aprox |
5,99 €/kg",,"5,99 €",,https://static.carrefour.es/hd_280x_/supermercado/bcc_static/catalogImages/product/056206/056206.jpg,"<img aria-describedby=""product-fprod1220235"" alt=""Pescadilla fina pijota 1 Kg aprox"" src=""https://static.carrefour.es/hd_280x_/supermercado/bcc_static/catalogImages/product/056206/056206.jpg"" srcset=""https://static.carrefour.es/hd_560x_/supermercado/bcc_static/catalogImages/product/056206/056206.jpg"" width=""100%""> <p class=""title-product"">
Pescadilla fina pijota 1 Kg aprox</p>"
Medallón de Atún 500 grs,"Envase de 500.0 g. aprox |
18,99 €/kg",,"9,49 €",,https://static.carrefour.es/hd_280x_/supermercado/bcc_static/catalogImages/product/358205/358205.jpg,"<img aria-describedby=""product-597201559"" alt=""Medallón de Atún 500 grs"" src=""https://static.carrefour.es/hd_280x_/supermercado/bcc_static/catalogImages/product/358205/358205.jpg"" srcset=""https://static.carrefour.es/hd_560x_/supermercado/bcc_static/catalogImages/product/358205/358205.jpg"" width=""100%""> <p class=""title-product"">
Medallón de Atún 500 grs</p>"
Bonito Mediano Pieza 5 Kg aprox,"Pieza de 5000.0 g. aprox |
9,95 €/kg",,"49,75 €",,https://static.carrefour.es/hd_280x_/supermercado/bcc_static/catalogImages/product/092242/092242.jpg,"<img aria-describedby=""product-609202248"" alt=""Bonito Mediano Pieza 5 Kg aprox"" src=""https://static.carrefour.es/hd_280x_/supermercado/bcc_static/catalogImages/product/092242/092242.jpg"" srcset=""https://static.carrefour.es/hd_560x_/supermercado/bcc_static/catalogImages/product/092242/092242.jpg"" width=""100%""> <p class=""title-product"">
Bonito Mediano Pieza 5 Kg aprox</p>"
Rape grande de lonja 1 Kg aprox,"Envase de 1000.0 g. aprox |
20,00 €/kg",,"20,00 €",,https://static.carrefour.es/hd_280x_/supermercado/bcc_static/catalogImages/product/767103/767103.jpg,"<img aria-describedby=""product-fprod1210368"" alt=""Rape grande de lonja 1 Kg aprox"" src=""https://static.carrefour.es/hd_280x_/supermercado/bcc_static/catalogImages/product/767103/767103.jpg"" srcset=""https://static.carrefour.es/hd_560x_/supermercado/bcc_static/catalogImages/product/767103/767103.jpg"" width=""100%""> <p class=""title-product"">
Rape grande de lonja 1 Kg aprox</p>"
,,,,,,