Title,kg price,Discounted Price,Actual Price,Actual Price 2,Image,Merchant Product Id HTML
Calamar limpio 400 g.,"400 g. |
11,25 €/kg",,"4,50 €",,https://static.carrefour.es/hd_280x_/supermercado/bcc_static/catalogImages/product/721056/721056.jpg,"<img aria-describedby=""product-521031267"" alt=""Calamar limpio 400 g."" src=""https://static.carrefour.es/hd_280x_/supermercado/bcc_static/catalogImages/product/721056/721056.jpg"" srcset=""https://static.carrefour.es/hd_560x_/supermercado/bcc_static/catalogImages/product/721056/721056.jpg"" width=""100%""> <p class=""title-product"">
Calamar limpio 400 g.</p>"
Rabas enharinadas 600 g,"600 g. |
7,50 €/kg",,"4,50 €",,https://static.carrefour.es/hd_280x_/supermercado/bcc_static/catalogImages/product/847588/847588.jpg,"<img aria-describedby=""product-prod690176"" alt=""Rabas enharinadas 600 g"" src=""https://static.carrefour.es/hd_280x_/supermercado/bcc_static/catalogImages/product/847588/847588.jpg"" srcset=""https://static.carrefour.es/hd_560x_/supermercado/bcc_static/catalogImages/product/847588/847588.jpg"" width=""100%""> <p class=""title-product"">
Rabas enharinadas 600 g</p>"
Tinta de sepia 1 ud,"1 ud. |
0,29 €/ud",,"0,29 €",,https://static.carrefour.es/hd_280x_/supermercado/bcc_static/catalogImages/product/988644/988644.jpg,"<img aria-describedby=""product-prod64592"" alt=""Tinta de sepia 1 ud"" src=""https://static.carrefour.es/hd_280x_/supermercado/bcc_static/catalogImages/product/988644/988644.jpg"" srcset=""https://static.carrefour.es/hd_560x_/supermercado/bcc_static/catalogImages/product/988644/988644.jpg"" width=""100%""> <p class=""title-product"">
Tinta de sepia 1 ud</p>"
Sepia limpia 400 g.,"400 g. |
12,00 €/kg",,"4,80 €",,https://static.carrefour.es/hd_280x_/supermercado/bcc_static/catalogImages/product/721054/721054.jpg,"<img aria-describedby=""product-521031265"" alt=""Sepia limpia 400 g."" src=""https://static.carrefour.es/hd_280x_/supermercado/bcc_static/catalogImages/product/721054/721054.jpg"" srcset=""https://static.carrefour.es/hd_560x_/supermercado/bcc_static/catalogImages/product/721054/721054.jpg"" width=""100%""> <p class=""title-product"">
Sepia limpia 400 g.</p>"
Anillas de pota argentina Carrefour 450 g.,"450 g. |
11,11 €/kg",,"5,00 €",,https://static.carrefour.es/hd_280x_/supermercado/bcc_static/catalogImages/product/819258/819258.png,"<img aria-describedby=""product-649302141"" alt=""Anillas de pota argentina Carrefour 450 g."" src=""https://static.carrefour.es/hd_280x_/supermercado/bcc_static/catalogImages/product/819258/819258.png"" srcset=""https://static.carrefour.es/hd_560x_/supermercado/bcc_static/catalogImages/product/819258/819258.png"" width=""100%""> <p class=""title-product"">
Anillas de pota argentina Carrefour 450 g.</p>"
Sepia limipia 480 g,"480 g |
14,56 €/kg",,"6,99 €",,https://static.carrefour.es/hd_280x_/supermercado/bcc_static/catalogImages/product/767667/767667.jpg,"<img aria-describedby=""product-758904334"" alt=""Sepia limipia 480 g"" src=""https://static.carrefour.es/hd_280x_/supermercado/bcc_static/catalogImages/product/767667/767667.jpg"" srcset=""https://static.carrefour.es/hd_560x_/supermercado/bcc_static/catalogImages/product/767667/767667.jpg"" width=""100%""> <p class=""title-product"">
Sepia limipia 480 g</p>"
Chipirón troceado Carrefour 500 g.,"500 g. |
10,30 €/kg",,"5,15 €",,https://static.carrefour.es/hd_280x_/supermercado/bcc_static/catalogImages/product/298864/298864.png,"<img aria-describedby=""product-655602086"" alt=""Chipirón troceado Carrefour 500 g."" src=""https://static.carrefour.es/hd_280x_/supermercado/bcc_static/catalogImages/product/298864/298864.png"" srcset=""https://static.carrefour.es/hd_560x_/supermercado/bcc_static/catalogImages/product/298864/298864.png"" width=""100%""> <p class=""title-product"">
Chipirón troceado Carrefour 500 g.</p>"
Sepia 500 g aprox,"Bandeja de  500.0 g. aprox |
13,50 €/kg",,"6,75 €",,https://static.carrefour.es/hd_280x_/supermercado/bcc_static/catalogImages/product/374348/374348.jpg,"<img aria-describedby=""product-prod64500"" alt=""Sepia 500 g aprox"" src=""https://static.carrefour.es/hd_280x_/supermercado/bcc_static/catalogImages/product/374348/374348.jpg"" srcset=""https://static.carrefour.es/hd_560x_/supermercado/bcc_static/catalogImages/product/374348/374348.jpg"" width=""100%""> <p class=""title-product"">
Sepia 500 g aprox</p>"
Patas de pulpo Merimar 250 g,"300 g. |
33,30 €/kg",,"9,99 €",,https://static.carrefour.es/hd_280x_/supermercado/bcc_static/catalogImages/product/790033/790033.jpg,"<img aria-describedby=""product-526010749"" alt=""Patas de pulpo Merimar 250 g"" src=""https://static.carrefour.es/hd_280x_/supermercado/bcc_static/catalogImages/product/790033/790033.jpg"" srcset=""https://static.carrefour.es/hd_560x_/supermercado/bcc_static/catalogImages/product/790033/790033.jpg"" width=""100%""> <p class=""title-product"">
Patas de pulpo Merimar 250 g</p>"
Tiras de pota Congelados 500 g,"500 g. |
9,00 €/kg",,"4,50 €",,https://static.carrefour.es/hd_280x_/supermercado/bcc_static/catalogImages/product/466466/466466.jpg,"<img aria-describedby=""product-714518202"" alt=""Tiras de pota Congelados 500 g"" src=""https://static.carrefour.es/hd_280x_/supermercado/bcc_static/catalogImages/product/466466/466466.jpg"" srcset=""https://static.carrefour.es/hd_560x_/supermercado/bcc_static/catalogImages/product/466466/466466.jpg"" width=""100%""> <p class=""title-product"">
Tiras de pota Congelados 500 g</p>"
Patas de pulpo cocidas en su jugo Pescanova 300 g,"300 g. |
29,83 €/kg","8,95 €",,"10,99 €",https://static.carrefour.es/hd_280x_/supermercado/bcc_static/catalogImages/product/460569/460569.jpg,"<img aria-describedby=""product-prod392162"" alt=""Patas de pulpo cocidas en su jugo Pescanova 300 g"" src=""https://static.carrefour.es/hd_280x_/supermercado/bcc_static/catalogImages/product/460569/460569.jpg"" srcset=""https://static.carrefour.es/hd_560x_/supermercado/bcc_static/catalogImages/product/460569/460569.jpg"" width=""100%""> <p class=""title-product"">
Patas de pulpo cocidas en su jugo Pescanova 300 g</p>"
Pulpo crudo congelado 1 kg aprox,"Bandeja de 1000.0 g. aprox |
12,99 €/kg",,"12,99 €",,https://static.carrefour.es/hd_280x_/supermercado/bcc_static/catalogImages/product/261252/261252.jpg,"<img aria-describedby=""product-526010647"" alt=""Pulpo crudo congelado 1 kg aprox"" src=""https://static.carrefour.es/hd_280x_/supermercado/bcc_static/catalogImages/product/261252/261252.jpg"" srcset=""https://static.carrefour.es/hd_560x_/supermercado/bcc_static/catalogImages/product/261252/261252.jpg"" width=""100%""> <p class=""title-product"">
Pulpo crudo congelado 1 kg aprox</p>"
Pulpo cocido 500 g,"500 g. |
25,98 €/kg",,"12,99 €",,https://static.carrefour.es/hd_280x_/supermercado/bcc_static/catalogImages/product/139391/139391.jpg,"<img aria-describedby=""product-556201499"" alt=""Pulpo cocido 500 g"" src=""https://static.carrefour.es/hd_280x_/supermercado/bcc_static/catalogImages/product/139391/139391.jpg"" srcset=""https://static.carrefour.es/hd_560x_/supermercado/bcc_static/catalogImages/product/139391/139391.jpg"" width=""100%""> <p class=""title-product"">
Pulpo cocido 500 g</p>"
Calamar limpio 500 g,"500 g. |
13,00 €/kg",,"6,50 €",,https://static.carrefour.es/hd_280x_/supermercado/bcc_static/catalogImages/product/808908/808908.jpg,"<img aria-describedby=""product-632902030"" alt=""Calamar limpio 500 g"" src=""https://static.carrefour.es/hd_280x_/supermercado/bcc_static/catalogImages/product/808908/808908.jpg"" srcset=""https://static.carrefour.es/hd_560x_/supermercado/bcc_static/catalogImages/product/808908/808908.jpg"" width=""100%""> <p class=""title-product"">
Calamar limpio 500 g</p>"
Rejo potón pacífico cocido y troceado 400 g,"400 g. |
11,25 €/kg",,"4,50 €",,https://static.carrefour.es/hd_280x_/supermercado/bcc_static/catalogImages/product/890816/890816.jpg,"<img aria-describedby=""product-792905221"" alt=""Rejo potón pacífico cocido y troceado 400 g"" src=""https://static.carrefour.es/hd_280x_/supermercado/bcc_static/catalogImages/product/890816/890816.jpg"" srcset=""https://static.carrefour.es/hd_560x_/supermercado/bcc_static/catalogImages/product/890816/890816.jpg"" width=""100%""> <p class=""title-product"">
Rejo potón pacífico cocido y troceado 400 g</p>"
Anilla de pota argentina 500 g,"500 g. |
11,98 €/kg",,"5,99 €",,https://static.carrefour.es/hd_280x_/supermercado/bcc_static/catalogImages/product/791188/791188.jpg,"<img aria-describedby=""product-526010757"" alt=""Anilla de pota argentina 500 g"" src=""https://static.carrefour.es/hd_280x_/supermercado/bcc_static/catalogImages/product/791188/791188.jpg"" srcset=""https://static.carrefour.es/hd_560x_/supermercado/bcc_static/catalogImages/product/791188/791188.jpg"" width=""100%""> <p class=""title-product"">
Anilla de pota argentina 500 g</p>"
Sepias pequeñas Carrefour 400 g.,"400 g. |
10,38 €/kg",,"4,15 €",,https://static.carrefour.es/hd_280x_/supermercado/bcc_static/catalogImages/product/089832/089832.jpg,"<img aria-describedby=""product-prod1010164"" alt=""Sepias pequeñas Carrefour 400 g."" src=""https://static.carrefour.es/hd_280x_/supermercado/bcc_static/catalogImages/product/089832/089832.jpg"" srcset=""https://static.carrefour.es/hd_560x_/supermercado/bcc_static/catalogImages/product/089832/089832.jpg"" width=""100%""> <p class=""title-product"">
Sepias pequeñas Carrefour 400 g.</p>"
Puntilla 450 g,"450 g |
12,22 €/kg",,"5,50 €",,https://static.carrefour.es/hd_280x_/supermercado/bcc_static/catalogImages/product/688164/688164.jpg,"<img aria-describedby=""product-525888245"" alt=""Puntilla 450 g"" src=""https://static.carrefour.es/hd_280x_/supermercado/bcc_static/catalogImages/product/688164/688164.jpg"" srcset=""https://static.carrefour.es/hd_560x_/supermercado/bcc_static/catalogImages/product/688164/688164.jpg"" width=""100%""> <p class=""title-product"">
Puntilla 450 g</p>"
Calamar Patagónico congelado L. Freire 500 g,"Envase de |
7,90 €/kg",,"3,95 €",,https://static.carrefour.es/hd_280x_/supermercado/bcc_static/catalogImages/product/303982/303982.jpg,"<img aria-describedby=""product-fprod1260023"" alt=""Calamar Patagónico congelado L. Freire 500 g"" src=""https://static.carrefour.es/hd_280x_/supermercado/bcc_static/catalogImages/product/303982/303982.jpg"" srcset=""https://static.carrefour.es/hd_560x_/supermercado/bcc_static/catalogImages/product/303982/303982.jpg"" width=""100%""> <p class=""title-product"">
Calamar Patagónico congelado L. Freire 500 g</p>"
Pulpo troceado Merimar 250 g,"250 g. |
35,96 €/kg",,"8,99 €",,https://static.carrefour.es/hd_280x_/supermercado/bcc_static/catalogImages/product/761108/761108.jpg,"<img aria-describedby=""product-526010745"" alt=""Pulpo troceado Merimar 250 g"" src=""https://static.carrefour.es/hd_280x_/supermercado/bcc_static/catalogImages/product/761108/761108.jpg"" srcset=""https://static.carrefour.es/hd_560x_/supermercado/bcc_static/catalogImages/product/761108/761108.jpg"" width=""100%""> <p class=""title-product"">
Pulpo troceado Merimar 250 g</p>"
Tinta de calamar o sepia esterilizada 90 g,"90 g. |
33,22 €/kg",,"2,99 €",,https://static.carrefour.es/hd_280x_/supermercado/bcc_static/catalogImages/product/968107/968107.jpg,"<img aria-describedby=""product-prod68550"" alt=""Tinta de calamar o sepia esterilizada 90 g"" src=""https://static.carrefour.es/hd_280x_/supermercado/bcc_static/catalogImages/product/968107/968107.jpg"" srcset=""https://static.carrefour.es/hd_560x_/supermercado/bcc_static/catalogImages/product/968107/968107.jpg"" width=""100%""> <p class=""title-product"">
Tinta de calamar o sepia esterilizada 90 g</p>"
Calamar 500 g aprox,"Bandeja de 500.0 g. aprox |
10,50 €/kg",,"5,25 €",,https://static.carrefour.es/hd_280x_/supermercado/bcc_static/catalogImages/product/767135/767135.jpg,"<img aria-describedby=""product-fprod1210380"" alt=""Calamar 500 g aprox"" src=""https://static.carrefour.es/hd_280x_/supermercado/bcc_static/catalogImages/product/767135/767135.jpg"" srcset=""https://static.carrefour.es/hd_560x_/supermercado/bcc_static/catalogImages/product/767135/767135.jpg"" width=""100%""> <p class=""title-product"">
Calamar 500 g aprox</p>"
Puntilla congelada cruda 450 g.,"450 g. |
8,78 €/kg",,"3,95 €",,https://static.carrefour.es/hd_280x_/supermercado/bcc_static/catalogImages/product/064172/064172.jpg,"<img aria-describedby=""product-prod971329"" alt=""Puntilla congelada cruda 450 g."" src=""https://static.carrefour.es/hd_280x_/supermercado/bcc_static/catalogImages/product/064172/064172.jpg"" srcset=""https://static.carrefour.es/hd_560x_/supermercado/bcc_static/catalogImages/product/064172/064172.jpg"" width=""100%""> <p class=""title-product"">
Puntilla congelada cruda 450 g.</p>"
Salpicón pulpo 400 g.,"400 g. |
8,12 €/kg",,"3,25 €",,https://static.carrefour.es/hd_280x_/supermercado/bcc_static/catalogImages/product/865436/865436.png,"<img aria-describedby=""product-780686882"" alt=""Salpicón pulpo 400 g."" src=""https://static.carrefour.es/hd_280x_/supermercado/bcc_static/catalogImages/product/865436/865436.png"" srcset=""https://static.carrefour.es/hd_560x_/supermercado/bcc_static/catalogImages/product/865436/865436.png"" width=""100%""> <p class=""title-product"">
Salpicón pulpo 400 g.</p>"
,,,,,,
Sepia bolsa 3/7 400 g.,"400 g. |
15,12 €/kg",,"6,05 €",,https://static.carrefour.es/hd_280x_/supermercado/bcc_static/catalogImages/product/345802/345802.jpg,"<img aria-describedby=""product-593401574"" alt=""Sepia bolsa 3/7 400 g."" src=""https://static.carrefour.es/hd_280x_/supermercado/bcc_static/catalogImages/product/345802/345802.jpg"" srcset=""https://static.carrefour.es/hd_560x_/supermercado/bcc_static/catalogImages/product/345802/345802.jpg"" width=""100%""> <p class=""title-product"">
Sepia bolsa 3/7 400 g.</p>"
Pulpo cocido patas Carrefour Calidad y Origen (3 patas) bandeja 250 g,"Bandeja 250 g |
43,60 €/kg",,"10,90 €",,https://static.carrefour.es/hd_280x_/supermercado/bcc_static/catalogImages/product/125838/125838.jpg,"<img aria-describedby=""product-prod1070001"" alt=""Pulpo cocido patas Carrefour Calidad y Origen (3 patas) bandeja 250 g"" src=""https://static.carrefour.es/hd_280x_/supermercado/bcc_static/catalogImages/product/125838/125838.jpg"" srcset=""https://static.carrefour.es/hd_560x_/supermercado/bcc_static/catalogImages/product/125838/125838.jpg"" width=""100%""> <p class=""title-product"">
Pulpo cocido patas Carrefour Calidad y Origen (3 patas) bandeja 250 g</p>"
Troceado de pota 500 g,"500 g. |
9,00 €/kg",,"4,50 €",,https://static.carrefour.es/hd_280x_/supermercado/bcc_static/catalogImages/product/688167/688167.jpg,"<img aria-describedby=""product-525888247"" alt=""Troceado de pota 500 g"" src=""https://static.carrefour.es/hd_280x_/supermercado/bcc_static/catalogImages/product/688167/688167.jpg"" srcset=""https://static.carrefour.es/hd_560x_/supermercado/bcc_static/catalogImages/product/688167/688167.jpg"" width=""100%""> <p class=""title-product"">
Troceado de pota 500 g</p>"
Pulpo crudo congelado 1 kg aprox,"Bandeja de  1000.0 g. aprox |
12,99 €/kg",,"12,99 €",,https://static.carrefour.es/hd_280x_/supermercado/bcc_static/catalogImages/product/799327/799327.jpg,"<img aria-describedby=""product-526010815"" alt=""Pulpo crudo congelado 1 kg aprox"" src=""https://static.carrefour.es/hd_280x_/supermercado/bcc_static/catalogImages/product/799327/799327.jpg"" srcset=""https://static.carrefour.es/hd_560x_/supermercado/bcc_static/catalogImages/product/799327/799327.jpg"" width=""100%""> <p class=""title-product"">
Pulpo crudo congelado 1 kg aprox</p>"
Pulpo pata cocida congelado 250 g,"250 g |
39,96 €/kg",,"9,99 €",,https://static.carrefour.es/hd_280x_/supermercado/bcc_static/catalogImages/product/014570/014570.png,"<img aria-describedby=""product-prod870825"" alt=""Pulpo pata cocida congelado 250 g"" src=""https://static.carrefour.es/hd_280x_/supermercado/bcc_static/catalogImages/product/014570/014570.png"" srcset=""https://static.carrefour.es/hd_560x_/supermercado/bcc_static/catalogImages/product/014570/014570.png"" width=""100%""> <p class=""title-product"">
Pulpo pata cocida congelado 250 g</p>"
Sepia 500 g aprox,"Bandeja de 500.0 g. aprox |
13,50 €/kg",,"6,75 €",,https://static.carrefour.es/hd_280x_/supermercado/bcc_static/catalogImages/product/056902/056902.jpg,"<img aria-describedby=""product-fprod1210314"" alt=""Sepia 500 g aprox"" src=""https://static.carrefour.es/hd_280x_/supermercado/bcc_static/catalogImages/product/056902/056902.jpg"" srcset=""https://static.carrefour.es/hd_560x_/supermercado/bcc_static/catalogImages/product/056902/056902.jpg"" width=""100%""> <p class=""title-product"">
Sepia 500 g aprox</p>"
Chipirón 500 g aprox,"Bandeja de 500.0 g. aprox |
7,99 €/kg",,"3,99 €",,https://static.carrefour.es/hd_280x_/supermercado/bcc_static/catalogImages/product/079098/079098.jpg,"<img aria-describedby=""product-fprod1210383"" alt=""Chipirón 500 g aprox"" src=""https://static.carrefour.es/hd_280x_/supermercado/bcc_static/catalogImages/product/079098/079098.jpg"" srcset=""https://static.carrefour.es/hd_560x_/supermercado/bcc_static/catalogImages/product/079098/079098.jpg"" width=""100%""> <p class=""title-product"">
Chipirón 500 g aprox</p>"
Tubo de pota 425 g,"425 g. |
14,09 €/kg",,"5,99 €",,https://static.carrefour.es/hd_280x_/supermercado/bcc_static/catalogImages/product/754090/754090.jpg,"<img aria-describedby=""product-747203178"" alt=""Tubo de pota 425 g"" src=""https://static.carrefour.es/hd_280x_/supermercado/bcc_static/catalogImages/product/754090/754090.jpg"" srcset=""https://static.carrefour.es/hd_560x_/supermercado/bcc_static/catalogImages/product/754090/754090.jpg"" width=""100%""> <p class=""title-product"">
Tubo de pota 425 g</p>"
Sepia mediana limpia 350 g,"350 g |
22,83 €/kg",,"7,99 €",,https://static.carrefour.es/hd_280x_/supermercado/bcc_static/catalogImages/product/417741/417741.jpg,"<img aria-describedby=""product-prod351385"" alt=""Sepia mediana limpia 350 g"" src=""https://static.carrefour.es/hd_280x_/supermercado/bcc_static/catalogImages/product/417741/417741.jpg"" srcset=""https://static.carrefour.es/hd_560x_/supermercado/bcc_static/catalogImages/product/417741/417741.jpg"" width=""100%""> <p class=""title-product"">
Sepia mediana limpia 350 g</p>"
Pulpo crudo 900 g.,"900 g. |
13,44 €/kg",,"12,10 €",,https://static.carrefour.es/hd_280x_/supermercado/bcc_static/catalogImages/product/317722/317722.jpg,"<img aria-describedby=""product-664301803"" alt=""Pulpo crudo 900 g."" src=""https://static.carrefour.es/hd_280x_/supermercado/bcc_static/catalogImages/product/317722/317722.jpg"" srcset=""https://static.carrefour.es/hd_560x_/supermercado/bcc_static/catalogImages/product/317722/317722.jpg"" width=""100%""> <p class=""title-product"">
Pulpo crudo 900 g.</p>"
Medio pulpo Merimar 350 g,"350 g |
42,83 €/kg",,"14,99 €",,https://static.carrefour.es/hd_280x_/supermercado/bcc_static/catalogImages/product/761132/761132.png,"<img aria-describedby=""product-533001796"" alt=""Medio pulpo Merimar 350 g"" src=""https://static.carrefour.es/hd_280x_/supermercado/bcc_static/catalogImages/product/761132/761132.png"" srcset=""https://static.carrefour.es/hd_560x_/supermercado/bcc_static/catalogImages/product/761132/761132.png"" width=""100%""> <p class=""title-product"">
Medio pulpo Merimar 350 g</p>"
Puntilla 500 g aprox,"Envase de 500.0 g. aprox |
6,99 €/kg",,"3,49 €",,https://static.carrefour.es/hd_280x_/supermercado/bcc_static/catalogImages/product/711512/711512.jpg,"<img aria-describedby=""product-prod690118"" alt=""Puntilla 500 g aprox"" src=""https://static.carrefour.es/hd_280x_/supermercado/bcc_static/catalogImages/product/711512/711512.jpg"" srcset=""https://static.carrefour.es/hd_560x_/supermercado/bcc_static/catalogImages/product/711512/711512.jpg"" width=""100%""> <p class=""title-product"">
Puntilla 500 g aprox</p>"
Pulpo cocido 250 g  aprox,"Pieza de |
51,60 €/kg",,"12,90 €",,https://static.carrefour.es/hd_280x_/supermercado/bcc_static/catalogImages/product/723934/723934.jpg,"<img aria-describedby=""product-628001716"" alt=""Pulpo cocido 250 g  aprox"" src=""https://static.carrefour.es/hd_280x_/supermercado/bcc_static/catalogImages/product/723934/723934.jpg"" srcset=""https://static.carrefour.es/hd_560x_/supermercado/bcc_static/catalogImages/product/723934/723934.jpg"" width=""100%""> <p class=""title-product"">
Pulpo cocido 250 g  aprox</p>"
"Pulpo 1,5 Kg aprox","Envase de 1500.0 g. aprox |
10,90 €/kg",,"16,35 €",,https://static.carrefour.es/hd_280x_/supermercado/bcc_static/catalogImages/product/578954/578954.jpg,"<img aria-describedby=""product-prod220499"" alt=""Pulpo 1,5 Kg aprox"" src=""https://static.carrefour.es/hd_280x_/supermercado/bcc_static/catalogImages/product/578954/578954.jpg"" srcset=""https://static.carrefour.es/hd_560x_/supermercado/bcc_static/catalogImages/product/578954/578954.jpg"" width=""100%""> <p class=""title-product"">
Pulpo 1,5 Kg aprox</p>"
Pulpo crudo Carrefour Calidad y Origen congelado bandeja de 1 a 2 Kg aprox,"Bandeja de 1 a 2 Kg aprox 1500.0 g. aprox |
15,99 €/kg",,"23,98 €",,https://static.carrefour.es/hd_280x_/supermercado/bcc_static/catalogImages/product/130111/130111.jpg,"<img aria-describedby=""product-prod1070122"" alt=""Pulpo crudo Carrefour Calidad y Origen congelado bandeja de 1 a 2 Kg aprox"" src=""https://static.carrefour.es/hd_280x_/supermercado/bcc_static/catalogImages/product/130111/130111.jpg"" srcset=""https://static.carrefour.es/hd_560x_/supermercado/bcc_static/catalogImages/product/130111/130111.jpg"" width=""100%""> <p class=""title-product"">
Pulpo crudo Carrefour Calidad y Origen congelado bandeja de 1 a 2 Kg aprox</p>"
Pulpo crudo congelado 2.5 kg aprox,"Bandeja de 2500.0 g. aprox |
17,99 €/kg",,"44,97 €",,https://static.carrefour.es/hd_280x_/supermercado/bcc_static/catalogImages/product/261254/261254.jpg,"<img aria-describedby=""product-526010649"" alt=""Pulpo crudo congelado 2.5 kg aprox"" src=""https://static.carrefour.es/hd_280x_/supermercado/bcc_static/catalogImages/product/261254/261254.jpg"" srcset=""https://static.carrefour.es/hd_560x_/supermercado/bcc_static/catalogImages/product/261254/261254.jpg"" width=""100%""> <p class=""title-product"">
Pulpo crudo congelado 2.5 kg aprox</p>"
,,,,,,