Title,kg price,Discounted Price,Actual Price,Actual Price 2,Image,Merchant Product Id HTML
Solomillo de Cerdo Carrefour 1 kg aprox,"Bandeja de 1000.0 g. aprox |
6,99 €/kg","6,99 €",,"7,89 €",https://static.carrefour.es/hd_280x_/supermercado/bcc_static/catalogImages/product/714035/714035.jpg,"<img aria-describedby=""product-522714133"" alt=""Solomillo de Cerdo Carrefour 1 kg aprox"" src=""https://static.carrefour.es/hd_280x_/supermercado/bcc_static/catalogImages/product/714035/714035.jpg"" srcset=""https://static.carrefour.es/hd_560x_/supermercado/bcc_static/catalogImages/product/714035/714035.jpg"" width=""100%""> <p class=""title-product"">
Solomillo de Cerdo Carrefour 1 kg aprox</p>"
Lomo de Cerdo Extra Adobado Fileteado Carreofour 650 g,"Bandeja de  650.0 g. aprox |
6,50 €/kg","4,22 €",,"4,42 €",https://static.carrefour.es/hd_280x_/supermercado/bcc_static/catalogImages/product/234156/234156.jpg,"<img aria-describedby=""product-560404854"" alt=""Lomo de Cerdo Extra Adobado Fileteado Carreofour 650 g"" src=""https://static.carrefour.es/hd_280x_/supermercado/bcc_static/catalogImages/product/234156/234156.jpg"" srcset=""https://static.carrefour.es/hd_560x_/supermercado/bcc_static/catalogImages/product/234156/234156.jpg"" width=""100%""> <p class=""title-product"">
Lomo de Cerdo Extra Adobado Fileteado Carreofour 650 g</p>"
Cinta Lomo de Cerdo Extratierna ElPozo 660 g,"600 g. |
6,65 €/kg",,"3,99 €",,https://static.carrefour.es/hd_280x_/supermercado/bcc_static/catalogImages/product/284171/284171.jpg,"<img aria-describedby=""product-605301855"" alt=""Cinta Lomo de Cerdo Extratierna ElPozo 660 g"" src=""https://static.carrefour.es/hd_280x_/supermercado/bcc_static/catalogImages/product/284171/284171.jpg"" srcset=""https://static.carrefour.es/hd_560x_/supermercado/bcc_static/catalogImages/product/284171/284171.jpg"" width=""100%""> <p class=""title-product"">
Cinta Lomo de Cerdo Extratierna ElPozo 660 g</p>"
"Trozo Lomo de Cerdo Carrefour 1,2 kg aprox","Bandeja de 1200.0 g. aprox |
3,99 €/kg","4,79 €",,"5,39 €",https://static.carrefour.es/hd_280x_/supermercado/bcc_static/catalogImages/product/073066/073066.jpg,"<img aria-describedby=""product-684403414"" alt=""Trozo Lomo de Cerdo Carrefour 1,2 kg aprox"" src=""https://static.carrefour.es/hd_280x_/supermercado/bcc_static/catalogImages/product/073066/073066.jpg"" srcset=""https://static.carrefour.es/hd_560x_/supermercado/bcc_static/catalogImages/product/073066/073066.jpg"" width=""100%""> <p class=""title-product"">
Trozo Lomo de Cerdo Carrefour 1,2 kg aprox</p>"
Costilla de Cerdo Semicarnuda Carrefour 500 g aprox,"Bandeja de  500.0 g. aprox |
4,15 €/kg","2,07 €",,"2,35 €",https://static.carrefour.es/hd_280x_/supermercado/bcc_static/catalogImages/product/283230/283230.jpg,"<img aria-describedby=""product-prod231103"" alt=""Costilla de Cerdo Semicarnuda Carrefour 500 g aprox"" src=""https://static.carrefour.es/hd_280x_/supermercado/bcc_static/catalogImages/product/283230/283230.jpg"" srcset=""https://static.carrefour.es/hd_560x_/supermercado/bcc_static/catalogImages/product/283230/283230.jpg"" width=""100%""> <p class=""title-product"">
Costilla de Cerdo Semicarnuda Carrefour 500 g aprox</p>"
Estofado Jamón de Cerdo Carrefour 500 g aprox,"Bandeja de  500.0 g. aprox |
4,90 €/kg",,"2,45 €",,https://static.carrefour.es/hd_280x_/supermercado/bcc_static/catalogImages/product/047350/047350.jpg,"<img aria-describedby=""product-521032507"" alt=""Estofado Jamón de Cerdo Carrefour 500 g aprox"" src=""https://static.carrefour.es/hd_280x_/supermercado/bcc_static/catalogImages/product/047350/047350.jpg"" srcset=""https://static.carrefour.es/hd_560x_/supermercado/bcc_static/catalogImages/product/047350/047350.jpg"" width=""100%""> <p class=""title-product"">
Estofado Jamón de Cerdo Carrefour 500 g aprox</p>"
Lomo de Cerdo Entero Carrefour 1 kg aprox,"Bandeja de 1000.0 g. aprox |
3,99 €/kg","3,99 €",,"4,49 €",https://static.carrefour.es/hd_280x_/supermercado/bcc_static/catalogImages/product/593092/593092.jpg,"<img aria-describedby=""product-607403077"" alt=""Lomo de Cerdo Entero Carrefour 1 kg aprox"" src=""https://static.carrefour.es/hd_280x_/supermercado/bcc_static/catalogImages/product/593092/593092.jpg"" srcset=""https://static.carrefour.es/hd_560x_/supermercado/bcc_static/catalogImages/product/593092/593092.jpg"" width=""100%""> <p class=""title-product"">
Lomo de Cerdo Entero Carrefour 1 kg aprox</p>"
Chuletas Lomo de Cerdo Entero Carrefour 500 g aprox,"Bandeja de  500.0 g. aprox |
5,30 €/kg",,"2,65 €",,https://static.carrefour.es/hd_280x_/supermercado/bcc_static/catalogImages/product/047330/047330.jpg,"<img aria-describedby=""product-521032491"" alt=""Chuletas Lomo de Cerdo Entero Carrefour 500 g aprox"" src=""https://static.carrefour.es/hd_280x_/supermercado/bcc_static/catalogImages/product/047330/047330.jpg"" srcset=""https://static.carrefour.es/hd_560x_/supermercado/bcc_static/catalogImages/product/047330/047330.jpg"" width=""100%""> <p class=""title-product"">
Chuletas Lomo de Cerdo Entero Carrefour 500 g aprox</p>"
Filetes Cinta de Lomo de Cerdo Carrefour 800 g aprox,"Bandeja de  800.0 g. aprox |
6,40 €/kg",,"5,12 €",,https://static.carrefour.es/hd_280x_/supermercado/bcc_static/catalogImages/product/620851/620851.jpg,"<img aria-describedby=""product-521032487"" alt=""Filetes Cinta de Lomo de Cerdo Carrefour 800 g aprox"" src=""https://static.carrefour.es/hd_280x_/supermercado/bcc_static/catalogImages/product/620851/620851.jpg"" srcset=""https://static.carrefour.es/hd_560x_/supermercado/bcc_static/catalogImages/product/620851/620851.jpg"" width=""100%""> <p class=""title-product"">
Filetes Cinta de Lomo de Cerdo Carrefour 800 g aprox</p>"
Chuletas de Aguja Cerdo Carrefour 1 kg aprox,"Bandeja de 1000.0 g. aprox |
4,60 €/kg",,"4,60 €",,https://static.carrefour.es/hd_280x_/supermercado/bcc_static/catalogImages/product/047327/047327.jpg,"<img aria-describedby=""product-609201994"" alt=""Chuletas de Aguja Cerdo Carrefour 1 kg aprox"" src=""https://static.carrefour.es/hd_280x_/supermercado/bcc_static/catalogImages/product/047327/047327.jpg"" srcset=""https://static.carrefour.es/hd_560x_/supermercado/bcc_static/catalogImages/product/047327/047327.jpg"" width=""100%""> <p class=""title-product"">
Chuletas de Aguja Cerdo Carrefour 1 kg aprox</p>"
Lomo Ibérico de Cerdo Adobado en Skin ElPozo 200 g,"Bandeja de 200 g. |
16,95 €/kg",,"3,39 €",,https://static.carrefour.es/hd_280x_/supermercado/bcc_static/catalogImages/product/147601/147601.jpg,"<img aria-describedby=""product-530706179"" alt=""Lomo Ibérico de Cerdo Adobado en Skin ElPozo 200 g"" src=""https://static.carrefour.es/hd_280x_/supermercado/bcc_static/catalogImages/product/147601/147601.jpg"" srcset=""https://static.carrefour.es/hd_560x_/supermercado/bcc_static/catalogImages/product/147601/147601.jpg"" width=""100%""> <p class=""title-product"">
Lomo Ibérico de Cerdo Adobado en Skin ElPozo 200 g</p>"
Chuletas Aguja de Cerdo Carrefour x 6 ud 1 kg aprox,"Bandeja de  1000.0 g. aprox |
4,60 €/kg",,"4,60 €",,https://static.carrefour.es/hd_280x_/supermercado/bcc_static/catalogImages/product/149007/149007.jpg,"<img aria-describedby=""product-521032495"" alt=""Chuletas Aguja de Cerdo Carrefour x 6 ud 1 kg aprox"" src=""https://static.carrefour.es/hd_280x_/supermercado/bcc_static/catalogImages/product/149007/149007.jpg"" srcset=""https://static.carrefour.es/hd_560x_/supermercado/bcc_static/catalogImages/product/149007/149007.jpg"" width=""100%""> <p class=""title-product"">
Chuletas Aguja de Cerdo Carrefour x 6 ud 1 kg aprox</p>"
Lomo Adobado Extra Barra Carrefour 300 g aprox,"Bandeja de 300.0 g. aprox |
6,50 €/kg",,"1,95 €",,https://static.carrefour.es/hd_280x_/supermercado/bcc_static/catalogImages/product/626677/626677.jpg,"<img aria-describedby=""product-prod220527"" alt=""Lomo Adobado Extra Barra Carrefour 300 g aprox"" src=""https://static.carrefour.es/hd_280x_/supermercado/bcc_static/catalogImages/product/626677/626677.jpg"" srcset=""https://static.carrefour.es/hd_560x_/supermercado/bcc_static/catalogImages/product/626677/626677.jpg"" width=""100%""> <p class=""title-product"">
Lomo Adobado Extra Barra Carrefour 300 g aprox</p>"
Filetes Jamón de Cerdo Carrefour 450 g aprox,"Bandeja de  450.0 g. aprox |
4,90 €/kg",,"2,20 €",,https://static.carrefour.es/hd_280x_/supermercado/bcc_static/catalogImages/product/047345/047345.jpg,"<img aria-describedby=""product-521032497"" alt=""Filetes Jamón de Cerdo Carrefour 450 g aprox"" src=""https://static.carrefour.es/hd_280x_/supermercado/bcc_static/catalogImages/product/047345/047345.jpg"" srcset=""https://static.carrefour.es/hd_560x_/supermercado/bcc_static/catalogImages/product/047345/047345.jpg"" width=""100%""> <p class=""title-product"">
Filetes Jamón de Cerdo Carrefour 450 g aprox</p>"
Solomillo de Cerdo Extratierno ElPozo 600 g aprox,"Bandeja de 600.0 g. aprox |
7,95 €/kg","4,77 €",,"4,92 €",https://static.carrefour.es/hd_280x_/supermercado/bcc_static/catalogImages/product/952417/952417.jpg,"<img aria-describedby=""product-820613828"" alt=""Solomillo de Cerdo Extratierno ElPozo 600 g aprox"" src=""https://static.carrefour.es/hd_280x_/supermercado/bcc_static/catalogImages/product/952417/952417.jpg"" srcset=""https://static.carrefour.es/hd_560x_/supermercado/bcc_static/catalogImages/product/952417/952417.jpg"" width=""100%""> <p class=""title-product"">
Solomillo de Cerdo Extratierno ElPozo 600 g aprox</p>"
Escalopín de Lomo Extra al Ajillo Carrefour 650 g aprox,"Bandeja de  650.0 g. aprox |
6,50 €/kg","4,22 €",,"4,71 €",https://static.carrefour.es/hd_280x_/supermercado/bcc_static/catalogImages/product/239838/239838.jpg,"<img aria-describedby=""product-575701513"" alt=""Escalopín de Lomo Extra al Ajillo Carrefour 650 g aprox"" src=""https://static.carrefour.es/hd_280x_/supermercado/bcc_static/catalogImages/product/239838/239838.jpg"" srcset=""https://static.carrefour.es/hd_560x_/supermercado/bcc_static/catalogImages/product/239838/239838.jpg"" width=""100%""> <p class=""title-product"">
Escalopín de Lomo Extra al Ajillo Carrefour 650 g aprox</p>"
Tira Costillas para Asar Carrefour 450 g aprox,"Bandeja de  450.0 g. aprox |
4,70 €/kg",,"2,11 €",,https://static.carrefour.es/hd_280x_/supermercado/bcc_static/catalogImages/product/606274/606274.jpg,"<img aria-describedby=""product-521032501"" alt=""Tira Costillas para Asar Carrefour 450 g aprox"" src=""https://static.carrefour.es/hd_280x_/supermercado/bcc_static/catalogImages/product/606274/606274.jpg"" srcset=""https://static.carrefour.es/hd_560x_/supermercado/bcc_static/catalogImages/product/606274/606274.jpg"" width=""100%""> <p class=""title-product"">
Tira Costillas para Asar Carrefour 450 g aprox</p>"
Secreto de Cerdo Blanco Carrefour 550 g aprox,"Bandeja de 550.0 g. aprox |
5,90 €/kg",,"3,24 €",,https://static.carrefour.es/hd_280x_/supermercado/bcc_static/catalogImages/product/799262/799262.jpg,"<img aria-describedby=""product-525964796"" alt=""Secreto de Cerdo Blanco Carrefour 550 g aprox"" src=""https://static.carrefour.es/hd_280x_/supermercado/bcc_static/catalogImages/product/799262/799262.jpg"" srcset=""https://static.carrefour.es/hd_560x_/supermercado/bcc_static/catalogImages/product/799262/799262.jpg"" width=""100%""> <p class=""title-product"">
Secreto de Cerdo Blanco Carrefour 550 g aprox</p>"
Filete Lomo de Cabeza Cerdo Carrefour 450 g aprox,"Bandeja de  450.0 g. aprox |
5,40 €/kg",,"2,43 €",,https://static.carrefour.es/hd_280x_/supermercado/bcc_static/catalogImages/product/152237/152237.jpg,"<img aria-describedby=""product-521034617"" alt=""Filete Lomo de Cabeza Cerdo Carrefour 450 g aprox"" src=""https://static.carrefour.es/hd_280x_/supermercado/bcc_static/catalogImages/product/152237/152237.jpg"" srcset=""https://static.carrefour.es/hd_560x_/supermercado/bcc_static/catalogImages/product/152237/152237.jpg"" width=""100%""> <p class=""title-product"">
Filete Lomo de Cabeza Cerdo Carrefour 450 g aprox</p>"
Chuleta Lomo de Cerdo Carrefour 350 g aprox,"Bandeja de  350.0 g. aprox |
4,50 €/kg",,"1,57 €",,https://static.carrefour.es/hd_280x_/supermercado/bcc_static/catalogImages/product/152560/152560.jpg,"<img aria-describedby=""product-608701648"" alt=""Chuleta Lomo de Cerdo Carrefour 350 g aprox"" src=""https://static.carrefour.es/hd_280x_/supermercado/bcc_static/catalogImages/product/152560/152560.jpg"" srcset=""https://static.carrefour.es/hd_560x_/supermercado/bcc_static/catalogImages/product/152560/152560.jpg"" width=""100%""> <p class=""title-product"">
Chuleta Lomo de Cerdo Carrefour 350 g aprox</p>"
Solomillo de Cerdo Boletus y Trufa Extratierno ElPozo 500 g aprox,"Bandeja de  500.0 g. aprox |
7,95 €/kg","3,97 €",,"4,49 €",https://static.carrefour.es/hd_280x_/supermercado/bcc_static/catalogImages/product/130984/130984.jpg,"<img aria-describedby=""product-860400391"" alt=""Solomillo de Cerdo Boletus y Trufa Extratierno ElPozo 500 g aprox"" src=""https://static.carrefour.es/hd_280x_/supermercado/bcc_static/catalogImages/product/130984/130984.jpg"" srcset=""https://static.carrefour.es/hd_560x_/supermercado/bcc_static/catalogImages/product/130984/130984.jpg"" width=""100%""> <p class=""title-product"">
Solomillo de Cerdo Boletus y Trufa Extratierno ElPozo 500 g aprox</p>"
Chuleta de lomo extratierna ElPozo bandeja 420 g,"420 g |
8,21 €/kg",,"3,45 €",,https://static.carrefour.es/hd_280x_/supermercado/bcc_static/catalogImages/product/201422/201422.jpg,"<img aria-describedby=""product-prod1140335"" alt=""Chuleta de lomo extratierna ElPozo bandeja 420 g"" src=""https://static.carrefour.es/hd_280x_/supermercado/bcc_static/catalogImages/product/201422/201422.jpg"" srcset=""https://static.carrefour.es/hd_560x_/supermercado/bcc_static/catalogImages/product/201422/201422.jpg"" width=""100%""> <p class=""title-product"">
Chuleta de lomo extratierna ElPozo bandeja 420 g</p>"
Panceta de cerdo filetes Carrefour 400 g aprox,"Bandeja de  400.0 g. aprox |
4,90 €/kg",,"1,96 €",,https://static.carrefour.es/hd_280x_/supermercado/bcc_static/catalogImages/product/051172/051172.jpg,"<img aria-describedby=""product-530706159"" alt=""Panceta de cerdo filetes Carrefour 400 g aprox"" src=""https://static.carrefour.es/hd_280x_/supermercado/bcc_static/catalogImages/product/051172/051172.jpg"" srcset=""https://static.carrefour.es/hd_560x_/supermercado/bcc_static/catalogImages/product/051172/051172.jpg"" width=""100%""> <p class=""title-product"">
Panceta de cerdo filetes Carrefour 400 g aprox</p>"
Filete Lomo de Cerdo Carrefour 250 g aprox,"Bandeja de  250.0 g. aprox |
6,50 €/kg",,"1,62 €",,https://static.carrefour.es/hd_280x_/supermercado/bcc_static/catalogImages/product/145279/145279.jpg,"<img aria-describedby=""product-prod100018"" alt=""Filete Lomo de Cerdo Carrefour 250 g aprox"" src=""https://static.carrefour.es/hd_280x_/supermercado/bcc_static/catalogImages/product/145279/145279.jpg"" srcset=""https://static.carrefour.es/hd_560x_/supermercado/bcc_static/catalogImages/product/145279/145279.jpg"" width=""100%""> <p class=""title-product"">
Filete Lomo de Cerdo Carrefour 250 g aprox</p>"
,,,,,,
Tiras Costillas de Cerdo Carrefour 500 g aprox,"Bandeja de 500.0 g. aprox |
6,20 €/kg",,"3,10 €",,https://static.carrefour.es/hd_280x_/supermercado/bcc_static/catalogImages/product/161772/161772.jpg,"<img aria-describedby=""product-608701912"" alt=""Tiras Costillas de Cerdo Carrefour 500 g aprox"" src=""https://static.carrefour.es/hd_280x_/supermercado/bcc_static/catalogImages/product/161772/161772.jpg"" srcset=""https://static.carrefour.es/hd_560x_/supermercado/bcc_static/catalogImages/product/161772/161772.jpg"" width=""100%""> <p class=""title-product"">
Tiras Costillas de Cerdo Carrefour 500 g aprox</p>"
Solomillo de Cerdo al Romero Extratierno ElPozo 500 g,"Bandeja de 500.0 g. aprox |
7,95 €/kg","3,97 €",,"4,25 €",https://static.carrefour.es/hd_280x_/supermercado/bcc_static/catalogImages/product/980807/980807.jpg,"<img aria-describedby=""product-842010733"" alt=""Solomillo de Cerdo al Romero Extratierno ElPozo 500 g"" src=""https://static.carrefour.es/hd_280x_/supermercado/bcc_static/catalogImages/product/980807/980807.jpg"" srcset=""https://static.carrefour.es/hd_560x_/supermercado/bcc_static/catalogImages/product/980807/980807.jpg"" width=""100%""> <p class=""title-product"">
Solomillo de Cerdo al Romero Extratierno ElPozo 500 g</p>"
Costilla de Cerdo Ibérica Adobada Carrefour 600 g aprox,"Badeja de 600.0 g. aprox |
3,60 €/kg",,"2,16 €",,https://static.carrefour.es/hd_280x_/supermercado/bcc_static/catalogImages/product/814671/814671.jpg,"<img aria-describedby=""product-643426136"" alt=""Costilla de Cerdo Ibérica Adobada Carrefour 600 g aprox"" src=""https://static.carrefour.es/hd_280x_/supermercado/bcc_static/catalogImages/product/814671/814671.jpg"" srcset=""https://static.carrefour.es/hd_560x_/supermercado/bcc_static/catalogImages/product/814671/814671.jpg"" width=""100%""> <p class=""title-product"">
Costilla de Cerdo Ibérica Adobada Carrefour 600 g aprox</p>"
Lomo de Cerdo Extra Adobado Filetes Finos (Kids) Carrefour 250 g,"Bandeja de 250 gr. |
10,80 €/kg",,"2,70 €",,https://static.carrefour.es/hd_280x_/supermercado/bcc_static/catalogImages/product/253687/253687.jpg,"<img aria-describedby=""product-525878192"" alt=""Lomo de Cerdo Extra Adobado Filetes Finos (Kids) Carrefour 250 g"" src=""https://static.carrefour.es/hd_280x_/supermercado/bcc_static/catalogImages/product/253687/253687.jpg"" srcset=""https://static.carrefour.es/hd_560x_/supermercado/bcc_static/catalogImages/product/253687/253687.jpg"" width=""100%""> <p class=""title-product"">
Lomo de Cerdo Extra Adobado Filetes Finos (Kids) Carrefour 250 g</p>"
Secreto de Cerdo Ibérico Legado ElPozo 400 g aprox,"Bandeja de 400.0 g. aprox |
16,40 €/kg",,"6,56 €",,https://static.carrefour.es/hd_280x_/supermercado/bcc_static/catalogImages/product/885510/885510.jpg,"<img aria-describedby=""product-789855652"" alt=""Secreto de Cerdo Ibérico Legado ElPozo 400 g aprox"" src=""https://static.carrefour.es/hd_280x_/supermercado/bcc_static/catalogImages/product/885510/885510.jpg"" srcset=""https://static.carrefour.es/hd_560x_/supermercado/bcc_static/catalogImages/product/885510/885510.jpg"" width=""100%""> <p class=""title-product"">
Secreto de Cerdo Ibérico Legado ElPozo 400 g aprox</p>"
Cinta Lomo de Cerdo Filetes Finos Carrefour 200 g,"200 g. |
13,00 €/kg",,"2,60 €",,https://static.carrefour.es/hd_280x_/supermercado/bcc_static/catalogImages/product/719661/719661.jpg,"<img aria-describedby=""product-521032489"" alt=""Cinta Lomo de Cerdo Filetes Finos Carrefour 200 g"" src=""https://static.carrefour.es/hd_280x_/supermercado/bcc_static/catalogImages/product/719661/719661.jpg"" srcset=""https://static.carrefour.es/hd_560x_/supermercado/bcc_static/catalogImages/product/719661/719661.jpg"" width=""100%""> <p class=""title-product"">
Cinta Lomo de Cerdo Filetes Finos Carrefour 200 g</p>"
Costilla de cerdo Carrefour 1 kg aprox,"Envase de 1000.0 g. aprox |
4,15 €/kg","4,15 €",,"4,70 €",https://static.carrefour.es/hd_280x_/supermercado/bcc_static/catalogImages/product/254162/254162.jpg,"<img aria-describedby=""product-fprod1200216"" alt=""Costilla de cerdo Carrefour 1 kg aprox "" src=""https://static.carrefour.es/hd_280x_/supermercado/bcc_static/catalogImages/product/254162/254162.jpg"" srcset=""https://static.carrefour.es/hd_560x_/supermercado/bcc_static/catalogImages/product/254162/254162.jpg"" width=""100%""> <p class=""title-product"">
Costilla de cerdo Carrefour 1 kg aprox </p>"
Tocino de Cerdo Ibérico ElPozo 300 g,"300 g  |
4,33 €/kg",,"1,30 €",,https://static.carrefour.es/hd_280x_/supermercado/bcc_static/catalogImages/product/096762/096762.jpg,"<img aria-describedby=""product-521032513"" alt=""Tocino de Cerdo Ibérico ElPozo 300 g"" src=""https://static.carrefour.es/hd_280x_/supermercado/bcc_static/catalogImages/product/096762/096762.jpg"" srcset=""https://static.carrefour.es/hd_560x_/supermercado/bcc_static/catalogImages/product/096762/096762.jpg"" width=""100%""> <p class=""title-product"">
Tocino de Cerdo Ibérico ElPozo 300 g</p>"
Solomillo de Cerdo Carrefour 1 kg aprox,"Bandeja de  1000.0 g. aprox |
7,89 €/kg",,"7,89 €",,https://static.carrefour.es/hd_280x_/supermercado/bcc_static/catalogImages/product/145283/145283.jpg,"<img aria-describedby=""product-609202738"" alt=""Solomillo de Cerdo Carrefour 1 kg aprox"" src=""https://static.carrefour.es/hd_280x_/supermercado/bcc_static/catalogImages/product/145283/145283.jpg"" srcset=""https://static.carrefour.es/hd_560x_/supermercado/bcc_static/catalogImages/product/145283/145283.jpg"" width=""100%""> <p class=""title-product"">
Solomillo de Cerdo Carrefour 1 kg aprox</p>"
Presa de Cerdo Ibérico Legado ElPozo 350 g aprox,"Bandeja de 350.0 g. aprox |
19,90 €/kg",,"6,96 €",,https://static.carrefour.es/hd_280x_/supermercado/bcc_static/catalogImages/product/885582/885582.jpg,"<img aria-describedby=""product-789919832"" alt=""Presa de Cerdo Ibérico Legado ElPozo 350 g aprox"" src=""https://static.carrefour.es/hd_280x_/supermercado/bcc_static/catalogImages/product/885582/885582.jpg"" srcset=""https://static.carrefour.es/hd_560x_/supermercado/bcc_static/catalogImages/product/885582/885582.jpg"" width=""100%""> <p class=""title-product"">
Presa de Cerdo Ibérico Legado ElPozo 350 g aprox</p>"
Chuleta de lomo extratierna con Boletus y Trufa ElPozo 420 g,"420 g |
8,21 €/kg",,"3,45 €",,https://static.carrefour.es/hd_280x_/supermercado/bcc_static/catalogImages/product/201393/201393.jpg,"<img aria-describedby=""product-prod1140323"" alt=""Chuleta de lomo extratierna con Boletus y Trufa ElPozo 420 g"" src=""https://static.carrefour.es/hd_280x_/supermercado/bcc_static/catalogImages/product/201393/201393.jpg"" srcset=""https://static.carrefour.es/hd_560x_/supermercado/bcc_static/catalogImages/product/201393/201393.jpg"" width=""100%""> <p class=""title-product"">
Chuleta de lomo extratierna con Boletus y Trufa ElPozo 420 g</p>"
Cinta de lomo natural adobada 500 g aprox,"Envase de 500.0 g. aprox |
6,95 €/kg",,"3,47 €",,https://static.carrefour.es/hd_280x_/supermercado/bcc_static/catalogImages/product/935946/935946.jpg,"<img aria-describedby=""product-prod212108"" alt=""Cinta de lomo natural adobada 500 g aprox"" src=""https://static.carrefour.es/hd_280x_/supermercado/bcc_static/catalogImages/product/935946/935946.jpg"" srcset=""https://static.carrefour.es/hd_560x_/supermercado/bcc_static/catalogImages/product/935946/935946.jpg"" width=""100%""> <p class=""title-product"">
Cinta de lomo natural adobada 500 g aprox</p>"
Panceta Fina de Cerdo Carrefour 330 g,"330 g. |
7,58 €/kg",,"2,50 €",,https://static.carrefour.es/hd_280x_/supermercado/bcc_static/catalogImages/product/791322/791322.jpg,"<img aria-describedby=""product-526414611"" alt=""Panceta Fina de Cerdo Carrefour 330 g"" src=""https://static.carrefour.es/hd_280x_/supermercado/bcc_static/catalogImages/product/791322/791322.jpg"" srcset=""https://static.carrefour.es/hd_560x_/supermercado/bcc_static/catalogImages/product/791322/791322.jpg"" width=""100%""> <p class=""title-product"">
Panceta Fina de Cerdo Carrefour 330 g</p>"
Filete Lomo de Cerdo Ibérico Legado ElPozo 400 g aprox,"Bandeja de 400.0 g. aprox |
14,95 €/kg",,"5,98 €",,https://static.carrefour.es/hd_280x_/supermercado/bcc_static/catalogImages/product/885515/885515.jpg,"<img aria-describedby=""product-789855656"" alt=""Filete Lomo de Cerdo Ibérico Legado ElPozo 400 g aprox"" src=""https://static.carrefour.es/hd_280x_/supermercado/bcc_static/catalogImages/product/885515/885515.jpg"" srcset=""https://static.carrefour.es/hd_560x_/supermercado/bcc_static/catalogImages/product/885515/885515.jpg"" width=""100%""> <p class=""title-product"">
Filete Lomo de Cerdo Ibérico Legado ElPozo 400 g aprox</p>"
Chuleta de lomo extratierna con romero ElPozo 420 g,"420 g |
8,21 €/kg",,"3,45 €",,https://static.carrefour.es/hd_280x_/supermercado/bcc_static/catalogImages/product/201413/201413.jpg,"<img aria-describedby=""product-prod1140336"" alt=""Chuleta de lomo extratierna con romero ElPozo 420 g"" src=""https://static.carrefour.es/hd_280x_/supermercado/bcc_static/catalogImages/product/201413/201413.jpg"" srcset=""https://static.carrefour.es/hd_560x_/supermercado/bcc_static/catalogImages/product/201413/201413.jpg"" width=""100%""> <p class=""title-product"">
Chuleta de lomo extratierna con romero ElPozo 420 g</p>"
Solomillo de Cerdo Adobado Extratierno ElPozo 500 g,"Bandeja de 500.0 g. aprox |
7,95 €/kg","3,97 €",,"4,25 €",https://static.carrefour.es/hd_280x_/supermercado/bcc_static/catalogImages/product/980753/980753.jpg,"<img aria-describedby=""product-842010687"" alt=""Solomillo de Cerdo Adobado Extratierno ElPozo 500 g"" src=""https://static.carrefour.es/hd_280x_/supermercado/bcc_static/catalogImages/product/980753/980753.jpg"" srcset=""https://static.carrefour.es/hd_560x_/supermercado/bcc_static/catalogImages/product/980753/980753.jpg"" width=""100%""> <p class=""title-product"">
Solomillo de Cerdo Adobado Extratierno ElPozo 500 g</p>"
Costilla de Cerdo Ibérico Legado ElPozo 600 g aprox,"Bandeja de 600.0 g. aprox |
5,85 €/kg",,"3,51 €",,https://static.carrefour.es/hd_280x_/supermercado/bcc_static/catalogImages/product/885513/885513.jpg,"<img aria-describedby=""product-789855654"" alt=""Costilla de Cerdo Ibérico Legado ElPozo 600 g aprox"" src=""https://static.carrefour.es/hd_280x_/supermercado/bcc_static/catalogImages/product/885513/885513.jpg"" srcset=""https://static.carrefour.es/hd_560x_/supermercado/bcc_static/catalogImages/product/885513/885513.jpg"" width=""100%""> <p class=""title-product"">
Costilla de Cerdo Ibérico Legado ElPozo 600 g aprox</p>"
Lomo Adobado de Cerdo Extra Ecológico Hemosa 280 g,"280 g. |
18,75 €/ud",,"5,25 €",,https://static.carrefour.es/hd_280x_/supermercado/bcc_static/catalogImages/product/853090/853090.jpg,"<img aria-describedby=""product-prod720497"" alt=""Lomo Adobado de Cerdo Extra Ecológico Hemosa 280 g"" src=""https://static.carrefour.es/hd_280x_/supermercado/bcc_static/catalogImages/product/853090/853090.jpg"" srcset=""https://static.carrefour.es/hd_560x_/supermercado/bcc_static/catalogImages/product/853090/853090.jpg"" width=""100%""> <p class=""title-product"">
Lomo Adobado de Cerdo Extra Ecológico Hemosa 280 g</p>"
Costilla de Cerdo Adobada Carrefour 450 g,"Bandeja de  450.0 g. aprox |
7,29 €/kg",,"3,28 €",,https://static.carrefour.es/hd_280x_/supermercado/bcc_static/catalogImages/product/297338/297338.jpg,"<img aria-describedby=""product-522714420"" alt=""Costilla de Cerdo Adobada Carrefour 450 g"" src=""https://static.carrefour.es/hd_280x_/supermercado/bcc_static/catalogImages/product/297338/297338.jpg"" srcset=""https://static.carrefour.es/hd_560x_/supermercado/bcc_static/catalogImages/product/297338/297338.jpg"" width=""100%""> <p class=""title-product"">
Costilla de Cerdo Adobada Carrefour 450 g</p>"
Chuleta de Sajonia Hermanos Morán 400 g aprox,"Bandeja de 400.0 g. aprox |
9,20 €/kg",,"3,68 €",,https://static.carrefour.es/hd_280x_/supermercado/bcc_static/catalogImages/product/930340/930340.jpg,"<img aria-describedby=""product-prod220127"" alt=""Chuleta de Sajonia Hermanos Morán 400 g aprox"" src=""https://static.carrefour.es/hd_280x_/supermercado/bcc_static/catalogImages/product/930340/930340.jpg"" srcset=""https://static.carrefour.es/hd_560x_/supermercado/bcc_static/catalogImages/product/930340/930340.jpg"" width=""100%""> <p class=""title-product"">
Chuleta de Sajonia Hermanos Morán 400 g aprox</p>"
Solomillo de Cerdo con Miel y Finas Hierbas Extratierno ElPozo 500 g aprox,"Bandeja de  500.0 g. aprox |
7,95 €/kg","3,97 €",,"4,49 €",https://static.carrefour.es/hd_280x_/supermercado/bcc_static/catalogImages/product/130987/130987.jpg,"<img aria-describedby=""product-860400399"" alt=""Solomillo de Cerdo con Miel y Finas Hierbas Extratierno ElPozo 500 g aprox"" src=""https://static.carrefour.es/hd_280x_/supermercado/bcc_static/catalogImages/product/130987/130987.jpg"" srcset=""https://static.carrefour.es/hd_560x_/supermercado/bcc_static/catalogImages/product/130987/130987.jpg"" width=""100%""> <p class=""title-product"">
Solomillo de Cerdo con Miel y Finas Hierbas Extratierno ElPozo 500 g aprox</p>"
Chuleta de lomo extratierna andaluz ElPozo 420 g,"420 g |
8,21 €/kg",,"3,45 €",,https://static.carrefour.es/hd_280x_/supermercado/bcc_static/catalogImages/product/201449/201449.jpg,"<img aria-describedby=""product-prod1140333"" alt=""Chuleta de lomo extratierna andaluz ElPozo 420 g "" src=""https://static.carrefour.es/hd_280x_/supermercado/bcc_static/catalogImages/product/201449/201449.jpg"" srcset=""https://static.carrefour.es/hd_560x_/supermercado/bcc_static/catalogImages/product/201449/201449.jpg"" width=""100%""> <p class=""title-product"">
Chuleta de lomo extratierna andaluz ElPozo 420 g </p>"
Codillo de Cerdo Salmuerizado ElPozo 900 g,"900 g. |
4,39 €/kg",,"3,95 €",,https://static.carrefour.es/hd_280x_/supermercado/bcc_static/catalogImages/product/735609/735609.jpg,"<img aria-describedby=""product-527018107"" alt=""Codillo de Cerdo Salmuerizado ElPozo 900 g"" src=""https://static.carrefour.es/hd_280x_/supermercado/bcc_static/catalogImages/product/735609/735609.jpg"" srcset=""https://static.carrefour.es/hd_560x_/supermercado/bcc_static/catalogImages/product/735609/735609.jpg"" width=""100%""> <p class=""title-product"">
Codillo de Cerdo Salmuerizado ElPozo 900 g</p>"
Filetes finos de lomo de cerdo para plancha o freír 540 g aprox,"Bandeja de 540.0 g. aprox |
6,50 €/kg",,"3,51 €",,https://static.carrefour.es/hd_280x_/supermercado/bcc_static/catalogImages/product/047332/047332.jpg,"<img aria-describedby=""product-521032953"" alt=""Filetes finos de lomo de cerdo para plancha o freír 540 g aprox"" src=""https://static.carrefour.es/hd_280x_/supermercado/bcc_static/catalogImages/product/047332/047332.jpg"" srcset=""https://static.carrefour.es/hd_560x_/supermercado/bcc_static/catalogImages/product/047332/047332.jpg"" width=""100%""> <p class=""title-product"">
Filetes finos de lomo de cerdo para plancha o freír 540 g aprox</p>"
,,,,,,
Solomillo Cerdo Ibérico ElPozo 500 g aprox,"Bandeja de 500.0 g. aprox |
17,90 €/kg",,"8,95 €",,https://static.carrefour.es/hd_280x_/supermercado/bcc_static/catalogImages/product/885426/885426.jpg,"<img aria-describedby=""product-789855590"" alt=""Solomillo Cerdo Ibérico ElPozo 500 g aprox"" src=""https://static.carrefour.es/hd_280x_/supermercado/bcc_static/catalogImages/product/885426/885426.jpg"" srcset=""https://static.carrefour.es/hd_560x_/supermercado/bcc_static/catalogImages/product/885426/885426.jpg"" width=""100%""> <p class=""title-product"">
Solomillo Cerdo Ibérico ElPozo 500 g aprox</p>"
Escalopín Jamón de Cerdo Extratierno ElPozo 550 g aprox,"Bandeja de  550.0 g. aprox |
6,50 €/kg",,"3,57 €",,https://static.carrefour.es/hd_280x_/supermercado/bcc_static/catalogImages/product/323667/323667.jpg,"<img aria-describedby=""product-666201977"" alt=""Escalopín Jamón de Cerdo Extratierno ElPozo 550 g aprox"" src=""https://static.carrefour.es/hd_280x_/supermercado/bcc_static/catalogImages/product/323667/323667.jpg"" srcset=""https://static.carrefour.es/hd_560x_/supermercado/bcc_static/catalogImages/product/323667/323667.jpg"" width=""100%""> <p class=""title-product"">
Escalopín Jamón de Cerdo Extratierno ElPozo 550 g aprox</p>"
Filetes Finos de Lomo al Ajillo Carrefour 300 g,"300 g. |
9,00 €/kg",,"2,70 €",,https://static.carrefour.es/hd_280x_/supermercado/bcc_static/catalogImages/product/253709/253709.jpg,"<img aria-describedby=""product-525878194"" alt=""Filetes Finos de Lomo al Ajillo Carrefour 300 g"" src=""https://static.carrefour.es/hd_280x_/supermercado/bcc_static/catalogImages/product/253709/253709.jpg"" srcset=""https://static.carrefour.es/hd_560x_/supermercado/bcc_static/catalogImages/product/253709/253709.jpg"" width=""100%""> <p class=""title-product"">
Filetes Finos de Lomo al Ajillo Carrefour 300 g</p>"
Tira Costillas de Cerdo Carrefour 500 g aprox,"Bandeja de 500.0 g. aprox |
5,90 €/kg",,"2,95 €",,https://static.carrefour.es/hd_280x_/supermercado/bcc_static/catalogImages/product/196059/196059.jpg,"<img aria-describedby=""product-761104741"" alt=""Tira Costillas de Cerdo Carrefour 500 g aprox"" src=""https://static.carrefour.es/hd_280x_/supermercado/bcc_static/catalogImages/product/196059/196059.jpg"" srcset=""https://static.carrefour.es/hd_560x_/supermercado/bcc_static/catalogImages/product/196059/196059.jpg"" width=""100%""> <p class=""title-product"">
Tira Costillas de Cerdo Carrefour 500 g aprox</p>"
Manos de cerdo Carrefour al vacío 500 g,"Bandeja de  500.0 g. aprox |
4,00 €/kg",,"2,00 €",,https://static.carrefour.es/hd_280x_/supermercado/bcc_static/catalogImages/product/876055/876055.jpg,"<img aria-describedby=""product-785509643"" alt=""Manos de cerdo Carrefour al vacío 500 g "" src=""https://static.carrefour.es/hd_280x_/supermercado/bcc_static/catalogImages/product/876055/876055.jpg"" srcset=""https://static.carrefour.es/hd_560x_/supermercado/bcc_static/catalogImages/product/876055/876055.jpg"" width=""100%""> <p class=""title-product"">
Manos de cerdo Carrefour al vacío 500 g </p>"
Escalope de cerdo 315 g,"315 g |
4,76 €/kg",,"1,50 €",,https://static.carrefour.es/hd_280x_/supermercado/bcc_static/catalogImages/product/096374/096374.jpg,"<img aria-describedby=""product-prod63586"" alt=""Escalope de cerdo 315 g"" src=""https://static.carrefour.es/hd_280x_/supermercado/bcc_static/catalogImages/product/096374/096374.jpg"" srcset=""https://static.carrefour.es/hd_560x_/supermercado/bcc_static/catalogImages/product/096374/096374.jpg"" width=""100%""> <p class=""title-product"">
Escalope de cerdo 315 g</p>"
Cinta Lomo de Cerdo Carrefour al Vacío 1 kg aprox,"Bandeja de 1000.0 g. aprox |
4,99 €/kg",,"4,99 €",,https://static.carrefour.es/hd_280x_/supermercado/bcc_static/catalogImages/product/794804/794804.jpg,"<img aria-describedby=""product-526104487"" alt=""Cinta Lomo de Cerdo Carrefour al Vacío 1 kg aprox"" src=""https://static.carrefour.es/hd_280x_/supermercado/bcc_static/catalogImages/product/794804/794804.jpg"" srcset=""https://static.carrefour.es/hd_560x_/supermercado/bcc_static/catalogImages/product/794804/794804.jpg"" width=""100%""> <p class=""title-product"">
Cinta Lomo de Cerdo Carrefour al Vacío 1 kg aprox</p>"
Tocino de lomo de cerdo ElPozo al vacío 500 g aprox,"Bandeja de  500.0 g. aprox |
3,30 €/kg",,"1,65 €",,https://static.carrefour.es/hd_280x_/supermercado/bcc_static/catalogImages/product/867503/867503.jpg,"<img aria-describedby=""product-782401293"" alt=""Tocino de lomo de cerdo ElPozo al vacío 500 g aprox"" src=""https://static.carrefour.es/hd_280x_/supermercado/bcc_static/catalogImages/product/867503/867503.jpg"" srcset=""https://static.carrefour.es/hd_560x_/supermercado/bcc_static/catalogImages/product/867503/867503.jpg"" width=""100%""> <p class=""title-product"">
Tocino de lomo de cerdo ElPozo al vacío 500 g aprox</p>"
Costilla de Cerdo Adobada Tira Carrefour 600 g aprox,"Pieza de 600.0 g. aprox |
7,30 €/kg",,"4,38 €",,https://static.carrefour.es/hd_280x_/supermercado/bcc_static/catalogImages/product/401847/401847.jpg,"<img aria-describedby=""product-702201819"" alt=""Costilla de Cerdo Adobada Tira Carrefour 600 g aprox"" src=""https://static.carrefour.es/hd_280x_/supermercado/bcc_static/catalogImages/product/401847/401847.jpg"" srcset=""https://static.carrefour.es/hd_560x_/supermercado/bcc_static/catalogImages/product/401847/401847.jpg"" width=""100%""> <p class=""title-product"">
Costilla de Cerdo Adobada Tira Carrefour 600 g aprox</p>"
Magro de Cerdo Adobado ElPozo 350 g,"350 g. |
6,54 €/kg",,"2,29 €",,https://static.carrefour.es/hd_280x_/supermercado/bcc_static/catalogImages/product/735603/735603.jpg,"<img aria-describedby=""product-607220366"" alt=""Magro de Cerdo Adobado ElPozo 350 g"" src=""https://static.carrefour.es/hd_280x_/supermercado/bcc_static/catalogImages/product/735603/735603.jpg"" srcset=""https://static.carrefour.es/hd_560x_/supermercado/bcc_static/catalogImages/product/735603/735603.jpg"" width=""100%""> <p class=""title-product"">
Magro de Cerdo Adobado ElPozo 350 g</p>"
Pincho Moruno de Cerdo Caleya y Santiago 310 g,"310 g. |
9,35 €/kg",,"2,90 €",,https://static.carrefour.es/hd_280x_/supermercado/bcc_static/catalogImages/product/985374/985374.jpg,"<img aria-describedby=""product-prod310166"" alt=""Pincho Moruno de Cerdo Caleya y Santiago 310 g "" src=""https://static.carrefour.es/hd_280x_/supermercado/bcc_static/catalogImages/product/985374/985374.jpg"" srcset=""https://static.carrefour.es/hd_560x_/supermercado/bcc_static/catalogImages/product/985374/985374.jpg"" width=""100%""> <p class=""title-product"">
Pincho Moruno de Cerdo Caleya y Santiago 310 g </p>"
Lomo de Cerdo al Ajillo ElPozo 200 g,"200 g  |
16,95 €/kg",,"3,39 €",,https://static.carrefour.es/hd_280x_/supermercado/bcc_static/catalogImages/product/147349/147349.jpg,"<img aria-describedby=""product-609202796"" alt=""Lomo de Cerdo al Ajillo ElPozo 200 g"" src=""https://static.carrefour.es/hd_280x_/supermercado/bcc_static/catalogImages/product/147349/147349.jpg"" srcset=""https://static.carrefour.es/hd_560x_/supermercado/bcc_static/catalogImages/product/147349/147349.jpg"" width=""100%""> <p class=""title-product"">
Lomo de Cerdo al Ajillo ElPozo 200 g</p>"
Filete de presa iberica 200 g,"200 g |
26,00 €/kg",,"5,20 €",,https://static.carrefour.es/hd_280x_/supermercado/bcc_static/catalogImages/product/279305/279305.jpg,"<img aria-describedby=""product-fprod1220412"" alt=""Filete de presa iberica 200 g"" src=""https://static.carrefour.es/hd_280x_/supermercado/bcc_static/catalogImages/product/279305/279305.jpg"" srcset=""https://static.carrefour.es/hd_560x_/supermercado/bcc_static/catalogImages/product/279305/279305.jpg"" width=""100%""> <p class=""title-product"">
Filete de presa iberica 200 g</p>"
Oreja de Cerdo Adobada O.Villa 500 g,"500 g  |
7,10 €/kg",,"3,55 €",,https://static.carrefour.es/hd_280x_/supermercado/bcc_static/catalogImages/product/682460/682460.jpg,"<img aria-describedby=""product-525878236"" alt=""Oreja de Cerdo Adobada O.Villa 500 g"" src=""https://static.carrefour.es/hd_280x_/supermercado/bcc_static/catalogImages/product/682460/682460.jpg"" srcset=""https://static.carrefour.es/hd_560x_/supermercado/bcc_static/catalogImages/product/682460/682460.jpg"" width=""100%""> <p class=""title-product"">
Oreja de Cerdo Adobada O.Villa 500 g</p>"
Codillo de Cerdo en Salmuera Hermanos Morán 500 g aprox,"Bandeja de 500.0 g. aprox |
5,90 €/kg",,"2,95 €",,https://static.carrefour.es/hd_280x_/supermercado/bcc_static/catalogImages/product/930343/930343.jpg,"<img aria-describedby=""product-prod210891"" alt=""Codillo de Cerdo en Salmuera Hermanos Morán 500 g aprox"" src=""https://static.carrefour.es/hd_280x_/supermercado/bcc_static/catalogImages/product/930343/930343.jpg"" srcset=""https://static.carrefour.es/hd_560x_/supermercado/bcc_static/catalogImages/product/930343/930343.jpg"" width=""100%""> <p class=""title-product"">
Codillo de Cerdo en Salmuera Hermanos Morán 500 g aprox</p>"
Pincho moruno de cerdo 300 g,"300 g |
9,17 €/kg",,"2,75 €",,https://static.carrefour.es/hd_280x_/supermercado/bcc_static/catalogImages/product/929847/929847.jpg,"<img aria-describedby=""product-prod220987"" alt=""Pincho moruno de cerdo 300 g"" src=""https://static.carrefour.es/hd_280x_/supermercado/bcc_static/catalogImages/product/929847/929847.jpg"" srcset=""https://static.carrefour.es/hd_560x_/supermercado/bcc_static/catalogImages/product/929847/929847.jpg"" width=""100%""> <p class=""title-product"">
Pincho moruno de cerdo 300 g</p>"
Pincho andaluz 300 g,"300 g |
9,17 €/kg",,"2,75 €",,https://static.carrefour.es/hd_280x_/supermercado/bcc_static/catalogImages/product/929852/929852.jpg,"<img aria-describedby=""product-prod220989"" alt=""Pincho andaluz 300 g"" src=""https://static.carrefour.es/hd_280x_/supermercado/bcc_static/catalogImages/product/929852/929852.jpg"" srcset=""https://static.carrefour.es/hd_560x_/supermercado/bcc_static/catalogImages/product/929852/929852.jpg"" width=""100%""> <p class=""title-product"">
Pincho andaluz 300 g</p>"
Costilla adobada 400 g,"400 g |
7,50 €/kg",,"3,00 €",,https://static.carrefour.es/hd_280x_/supermercado/bcc_static/catalogImages/product/929856/929856.jpg,"<img aria-describedby=""product-prod220988"" alt=""Costilla adobada 400 g"" src=""https://static.carrefour.es/hd_280x_/supermercado/bcc_static/catalogImages/product/929856/929856.jpg"" srcset=""https://static.carrefour.es/hd_560x_/supermercado/bcc_static/catalogImages/product/929856/929856.jpg"" width=""100%""> <p class=""title-product"">
Costilla adobada 400 g</p>"
Filete de lomo iberico 200 g,"200 g |
15,50 €/kg",,"3,10 €",,https://static.carrefour.es/hd_280x_/supermercado/bcc_static/catalogImages/product/279291/279291.jpg,"<img aria-describedby=""product-fprod1220457"" alt=""Filete de lomo iberico 200 g"" src=""https://static.carrefour.es/hd_280x_/supermercado/bcc_static/catalogImages/product/279291/279291.jpg"" srcset=""https://static.carrefour.es/hd_560x_/supermercado/bcc_static/catalogImages/product/279291/279291.jpg"" width=""100%""> <p class=""title-product"">
Filete de lomo iberico 200 g</p>"
"Cinta de lomo de cerdo limpia y pulida pieza entera sin corte 4,5 Kg aprox","Pieza de 4500.0 g. aprox |
5,00 €/kg",,"22,50 €",,https://static.carrefour.es/hd_280x_/supermercado/bcc_static/catalogImages/product/764351/764351.jpg,"<img aria-describedby=""product-prod730232"" alt=""Cinta de lomo de cerdo limpia y pulida pieza entera sin corte 4,5 Kg aprox"" src=""https://static.carrefour.es/hd_280x_/supermercado/bcc_static/catalogImages/product/764351/764351.jpg"" srcset=""https://static.carrefour.es/hd_560x_/supermercado/bcc_static/catalogImages/product/764351/764351.jpg"" width=""100%""> <p class=""title-product"">
Cinta de lomo de cerdo limpia y pulida pieza entera sin corte 4,5 Kg aprox</p>"
Espinazo salado Carrefour 500 g aprox,"Envase de 500.0 g. aprox |
3,20 €/kg",,"1,60 €",,https://static.carrefour.es/hd_280x_/supermercado/bcc_static/catalogImages/broken_image.png,"<img aria-describedby=""product-871900887"" alt=""Espinazo salado Carrefour 500 g aprox"" src=""https://static.carrefour.es/hd_280x_/supermercado/bcc_static/catalogImages/broken_image.png"" srcset=""https://static.carrefour.es/hd_560x_/supermercado/bcc_static/catalogImages/broken_image.png"" width=""100%""> <p class=""title-product"">
Espinazo salado Carrefour 500 g aprox</p>"
Cinta de lomo natural 500 g aprox,"Envase de 500.0 g. aprox |
6,95 €/kg",,"3,47 €",,https://static.carrefour.es/hd_280x_/supermercado/bcc_static/catalogImages/product/935950/935950.jpg,"<img aria-describedby=""product-prod212111"" alt=""Cinta de lomo natural 500 g aprox"" src=""https://static.carrefour.es/hd_280x_/supermercado/bcc_static/catalogImages/product/935950/935950.jpg"" srcset=""https://static.carrefour.es/hd_560x_/supermercado/bcc_static/catalogImages/product/935950/935950.jpg"" width=""100%""> <p class=""title-product"">
Cinta de lomo natural 500 g aprox</p>"
Lomo de Cerdo al Ajillo Caleya y Santiago al Vacío 400 g,"400 g. |
9,38 €/kg",,"3,75 €",,https://static.carrefour.es/hd_280x_/supermercado/bcc_static/catalogImages/product/621768/621768.jpg,"<img aria-describedby=""product-prod220439"" alt=""Lomo de Cerdo al Ajillo Caleya y Santiago al Vacío 400 g"" src=""https://static.carrefour.es/hd_280x_/supermercado/bcc_static/catalogImages/product/621768/621768.jpg"" srcset=""https://static.carrefour.es/hd_560x_/supermercado/bcc_static/catalogImages/product/621768/621768.jpg"" width=""100%""> <p class=""title-product"">
Lomo de Cerdo al Ajillo Caleya y Santiago al Vacío 400 g</p>"
Oreja de Cerdo Cocida Rogu 500 g,"500 g |
7,60 €/kg",,"3,80 €",,https://static.carrefour.es/hd_280x_/supermercado/bcc_static/catalogImages/product/934342/934342.jpg,"<img aria-describedby=""product-prod272916"" alt=""Oreja de Cerdo Cocida Rogu 500 g"" src=""https://static.carrefour.es/hd_280x_/supermercado/bcc_static/catalogImages/product/934342/934342.jpg"" srcset=""https://static.carrefour.es/hd_560x_/supermercado/bcc_static/catalogImages/product/934342/934342.jpg"" width=""100%""> <p class=""title-product"">
Oreja de Cerdo Cocida Rogu 500 g</p>"
,,,,,,
Tira de Costillar Cerdo La Nuncia al Vacío 1 kg aprox,"Envase de  1000.0 g. aprox |
6,90 €/kg",,"6,90 €",,https://static.carrefour.es/hd_280x_/supermercado/bcc_static/catalogImages/product/097214/097214.jpg,"<img aria-describedby=""product-697301662"" alt=""Tira de Costillar Cerdo La Nuncia al Vacío 1 kg aprox"" src=""https://static.carrefour.es/hd_280x_/supermercado/bcc_static/catalogImages/product/097214/097214.jpg"" srcset=""https://static.carrefour.es/hd_560x_/supermercado/bcc_static/catalogImages/product/097214/097214.jpg"" width=""100%""> <p class=""title-product"">
Tira de Costillar Cerdo La Nuncia al Vacío 1 kg aprox</p>"
Oreja de Cerdo Guisada Rogu 500 g,"500 g. |
7,60 €/kg",,"3,80 €",,https://static.carrefour.es/hd_280x_/supermercado/bcc_static/catalogImages/product/297802/297802.jpg,"<img aria-describedby=""product-prod212007"" alt=""Oreja de Cerdo Guisada Rogu 500 g "" src=""https://static.carrefour.es/hd_280x_/supermercado/bcc_static/catalogImages/product/297802/297802.jpg"" srcset=""https://static.carrefour.es/hd_560x_/supermercado/bcc_static/catalogImages/product/297802/297802.jpg"" width=""100%""> <p class=""title-product"">
Oreja de Cerdo Guisada Rogu 500 g </p>"
Tira de costilla almuerizada 500 g aprox,"Envase de 500.0 g. aprox |
8,60 €/kg",,"4,30 €",,https://static.carrefour.es/hd_280x_/supermercado/bcc_static/catalogImages/product/930336/930336.jpg,"<img aria-describedby=""product-prod65872"" alt=""Tira de costilla almuerizada 500 g aprox"" src=""https://static.carrefour.es/hd_280x_/supermercado/bcc_static/catalogImages/product/930336/930336.jpg"" srcset=""https://static.carrefour.es/hd_560x_/supermercado/bcc_static/catalogImages/product/930336/930336.jpg"" width=""100%""> <p class=""title-product"">
Tira de costilla almuerizada 500 g aprox</p>"
"Aguja c/hueso de cerdo limpia y pulida pieza entera sin corte 3,5 Kg aprox","Pieza de 3500.0 g. aprox |
4,90 €/kg",,"17,15 €",,https://static.carrefour.es/hd_280x_/supermercado/bcc_static/catalogImages/product/077508/077508.jpg,"<img aria-describedby=""product-prod720611"" alt=""Aguja c/hueso de cerdo limpia y pulida pieza entera sin corte 3,5 Kg aprox"" src=""https://static.carrefour.es/hd_280x_/supermercado/bcc_static/catalogImages/product/077508/077508.jpg"" srcset=""https://static.carrefour.es/hd_560x_/supermercado/bcc_static/catalogImages/product/077508/077508.jpg"" width=""100%""> <p class=""title-product"">
Aguja c/hueso de cerdo limpia y pulida pieza entera sin corte 3,5 Kg aprox</p>"
Panceta con costilla de cerdo limpia y pulida pieza entera sin corte 4 Kg aprox,"Pieza de 4000.0 g. aprox |
5,90 €/kg",,"23,60 €",,https://static.carrefour.es/hd_280x_/supermercado/bcc_static/catalogImages/product/764556/764556.jpg,"<img aria-describedby=""product-prod730528"" alt=""Panceta con costilla de cerdo limpia y pulida pieza entera sin corte 4 Kg aprox"" src=""https://static.carrefour.es/hd_280x_/supermercado/bcc_static/catalogImages/product/764556/764556.jpg"" srcset=""https://static.carrefour.es/hd_560x_/supermercado/bcc_static/catalogImages/product/764556/764556.jpg"" width=""100%""> <p class=""title-product"">
Panceta con costilla de cerdo limpia y pulida pieza entera sin corte 4 Kg aprox</p>"
"Costillar de cerdo limpio y pulido pieza entera sin corte 4,5 Kg aprox","Pieza de 4500.0 g. aprox |
6,70 €/kg",,"30,15 €",,https://static.carrefour.es/hd_280x_/supermercado/bcc_static/catalogImages/product/077512/077512.jpg,"<img aria-describedby=""product-prod570354"" alt=""Costillar de cerdo limpio y pulido pieza entera sin corte 4,5 Kg aprox"" src=""https://static.carrefour.es/hd_280x_/supermercado/bcc_static/catalogImages/product/077512/077512.jpg"" srcset=""https://static.carrefour.es/hd_560x_/supermercado/bcc_static/catalogImages/product/077512/077512.jpg"" width=""100%""> <p class=""title-product"">
Costillar de cerdo limpio y pulido pieza entera sin corte 4,5 Kg aprox</p>"
Jamón de cerdo limpio entero sin corte 7 Kg aprox,"Pieza de 7000.0 g. aprox |
5,40 €/kg",,"37,80 €",,https://static.carrefour.es/hd_280x_/supermercado/bcc_static/catalogImages/product/077516/077516.jpg,"<img aria-describedby=""product-prod720605"" alt=""Jamón de cerdo limpio entero sin corte 7 Kg aprox"" src=""https://static.carrefour.es/hd_280x_/supermercado/bcc_static/catalogImages/product/077516/077516.jpg"" srcset=""https://static.carrefour.es/hd_560x_/supermercado/bcc_static/catalogImages/product/077516/077516.jpg"" width=""100%""> <p class=""title-product"">
Jamón de cerdo limpio entero sin corte 7 Kg aprox</p>"
"Cochinillo Carrefour 5,5 kg aprox","Bandeja de 5500.0 g. aprox |
9,90 €/kg",,"54,45 €",,https://static.carrefour.es/hd_280x_/supermercado/bcc_static/catalogImages/product/050186/050186.jpg,"<img aria-describedby=""product-525964568"" alt=""Cochinillo Carrefour 5,5 kg aprox"" src=""https://static.carrefour.es/hd_280x_/supermercado/bcc_static/catalogImages/product/050186/050186.jpg"" srcset=""https://static.carrefour.es/hd_560x_/supermercado/bcc_static/catalogImages/product/050186/050186.jpg"" width=""100%""> <p class=""title-product"">
Cochinillo Carrefour 5,5 kg aprox</p>"
Costillas de Cerdo Finas Hierbas La Nuncia 900 g aprox,"Envase de 900.0 g. aprox |
7,30 €/kg",,"6,57 €",,https://static.carrefour.es/hd_280x_/supermercado/bcc_static/catalogImages/product/401851/401851.jpg,"<img aria-describedby=""product-702201825"" alt=""Costillas de Cerdo Finas Hierbas La Nuncia 900 g aprox"" src=""https://static.carrefour.es/hd_280x_/supermercado/bcc_static/catalogImages/product/401851/401851.jpg"" srcset=""https://static.carrefour.es/hd_560x_/supermercado/bcc_static/catalogImages/product/401851/401851.jpg"" width=""100%""> <p class=""title-product"">
Costillas de Cerdo Finas Hierbas La Nuncia 900 g aprox</p>"
Tira de costilla mediterranea 500 g aprox,"Envase de 500.0 g. aprox |
8,60 €/kg",,"4,30 €",,https://static.carrefour.es/hd_280x_/supermercado/bcc_static/catalogImages/product/930331/930331.jpg,"<img aria-describedby=""product-prod65870"" alt=""Tira de costilla mediterranea 500 g aprox"" src=""https://static.carrefour.es/hd_280x_/supermercado/bcc_static/catalogImages/product/930331/930331.jpg"" srcset=""https://static.carrefour.es/hd_560x_/supermercado/bcc_static/catalogImages/product/930331/930331.jpg"" width=""100%""> <p class=""title-product"">
Tira de costilla mediterranea 500 g aprox</p>"
Chuletero centro s/cabeza de cerdo limpio y pulido pieza entera sin corte 6 Kg aprox,"Pieza de 6000.0 g. aprox |
5,40 €/kg",,"32,40 €",,https://static.carrefour.es/hd_280x_/supermercado/bcc_static/catalogImages/product/077501/077501.jpg,"<img aria-describedby=""product-prod720610"" alt=""Chuletero centro s/cabeza de cerdo limpio y pulido pieza entera sin corte 6 Kg aprox"" src=""https://static.carrefour.es/hd_280x_/supermercado/bcc_static/catalogImages/product/077501/077501.jpg"" srcset=""https://static.carrefour.es/hd_560x_/supermercado/bcc_static/catalogImages/product/077501/077501.jpg"" width=""100%""> <p class=""title-product"">
Chuletero centro s/cabeza de cerdo limpio y pulido pieza entera sin corte 6 Kg aprox</p>"
,,,,,,