Title,kg price,Discounted Price,Actual Price,Actual Price 2,Image,Merchant Product Id HTML
Salchicha Blanca Sin Aditivo Carrefour 360 g,"360 g. |
8,33 €/kg",,"3,00 €",,https://static.carrefour.es/hd_280x_/supermercado/bcc_static/catalogImages/product/822593/822593.jpg,"<img aria-describedby=""product-prod420140"" alt=""Salchicha Blanca Sin Aditivo Carrefour 360 g"" src=""https://static.carrefour.es/hd_280x_/supermercado/bcc_static/catalogImages/product/822593/822593.jpg"" srcset=""https://static.carrefour.es/hd_560x_/supermercado/bcc_static/catalogImages/product/822593/822593.jpg"" width=""100%""> <p class=""title-product"">
Salchicha Blanca Sin Aditivo Carrefour 360 g</p>"
Longaniza Blanca de Cerdo Fresca ElPozo 650 g,"650 g. |
4,60 €/kg",,"2,99 €",,https://static.carrefour.es/hd_280x_/supermercado/bcc_static/catalogImages/product/042813/042813.jpg,"<img aria-describedby=""product-521032764"" alt=""Longaniza Blanca de Cerdo Fresca ElPozo 650 g"" src=""https://static.carrefour.es/hd_280x_/supermercado/bcc_static/catalogImages/product/042813/042813.jpg"" srcset=""https://static.carrefour.es/hd_560x_/supermercado/bcc_static/catalogImages/product/042813/042813.jpg"" width=""100%""> <p class=""title-product"">
Longaniza Blanca de Cerdo Fresca ElPozo 650 g</p>"
Chorizo oreado La Nuncia 320 g,"Envase de |
6,19 €/kg",,"1,98 €",,https://static.carrefour.es/hd_280x_/supermercado/bcc_static/catalogImages/product/095641/095641.jpg,"<img aria-describedby=""product-prod1020260"" alt=""Chorizo oreado La Nuncia 320 g"" src=""https://static.carrefour.es/hd_280x_/supermercado/bcc_static/catalogImages/product/095641/095641.jpg"" srcset=""https://static.carrefour.es/hd_560x_/supermercado/bcc_static/catalogImages/product/095641/095641.jpg"" width=""100%""> <p class=""title-product"">
Chorizo oreado La Nuncia 320 g</p>"
Brocheta de Pollo 4 Embutidos del Centro 4 ud,"4 ud. |
0,66 €/ud",,"2,65 €",,https://static.carrefour.es/hd_280x_/supermercado/bcc_static/catalogImages/product/795671/795671.jpg,"<img aria-describedby=""product-607225687"" alt=""Brocheta de Pollo 4 Embutidos del Centro 4 ud"" src=""https://static.carrefour.es/hd_280x_/supermercado/bcc_static/catalogImages/product/795671/795671.jpg"" srcset=""https://static.carrefour.es/hd_560x_/supermercado/bcc_static/catalogImages/product/795671/795671.jpg"" width=""100%""> <p class=""title-product"">
Brocheta de Pollo 4 Embutidos del Centro 4 ud</p>"
Longaniza Blanca La Nuncia 500 g,"500 g |
5,00 €/kg",,"2,50 €",,https://static.carrefour.es/hd_280x_/supermercado/bcc_static/catalogImages/product/769477/769477.jpg,"<img aria-describedby=""product-761104986"" alt=""Longaniza Blanca La Nuncia 500 g"" src=""https://static.carrefour.es/hd_280x_/supermercado/bcc_static/catalogImages/product/769477/769477.jpg"" srcset=""https://static.carrefour.es/hd_560x_/supermercado/bcc_static/catalogImages/product/769477/769477.jpg"" width=""100%""> <p class=""title-product"">
Longaniza Blanca La Nuncia 500 g</p>"
Chistorra Sin Aditivos Carrefour 300 g,"300 g. |
4,50 €/kg",,"1,35 €",,https://static.carrefour.es/hd_280x_/supermercado/bcc_static/catalogImages/product/822597/822597.jpg,"<img aria-describedby=""product-prod420145"" alt=""Chistorra Sin Aditivos Carrefour 300 g"" src=""https://static.carrefour.es/hd_280x_/supermercado/bcc_static/catalogImages/product/822597/822597.jpg"" srcset=""https://static.carrefour.es/hd_560x_/supermercado/bcc_static/catalogImages/product/822597/822597.jpg"" width=""100%""> <p class=""title-product"">
Chistorra Sin Aditivos Carrefour 300 g</p>"
Butifarra Blanca Fresca Carrrefour Sin Aditivos 500 g,"500 g. |
6,80 €/kg",,"3,40 €",,https://static.carrefour.es/hd_280x_/supermercado/bcc_static/catalogImages/product/822601/822601.jpg,"<img aria-describedby=""product-prod420152"" alt=""Butifarra Blanca Fresca Carrrefour Sin Aditivos 500 g"" src=""https://static.carrefour.es/hd_280x_/supermercado/bcc_static/catalogImages/product/822601/822601.jpg"" srcset=""https://static.carrefour.es/hd_560x_/supermercado/bcc_static/catalogImages/product/822601/822601.jpg"" width=""100%""> <p class=""title-product"">
Butifarra Blanca Fresca Carrrefour Sin Aditivos 500 g</p>"
Salchichas frescas de pollo de corral Coren 350 g,"Envase de |
12,29 €/kg",,"4,30 €",,https://static.carrefour.es/hd_280x_/supermercado/bcc_static/catalogImages/product/270270/270270.jpg,"<img aria-describedby=""product-prod720728"" alt=""Salchichas frescas de pollo de corral Coren 350 g"" src=""https://static.carrefour.es/hd_280x_/supermercado/bcc_static/catalogImages/product/270270/270270.jpg"" srcset=""https://static.carrefour.es/hd_560x_/supermercado/bcc_static/catalogImages/product/270270/270270.jpg"" width=""100%""> <p class=""title-product"">
Salchichas frescas de pollo de corral Coren 350 g</p>"
Morcilla de Burgos Embutidos Ríos 660 g,"660 g. |
3,91 €/kg",,"2,58 €",,https://static.carrefour.es/hd_280x_/supermercado/bcc_static/catalogImages/product/791459/791459.jpg,"<img aria-describedby=""product-527031526"" alt=""Morcilla de Burgos Embutidos Ríos 660 g"" src=""https://static.carrefour.es/hd_280x_/supermercado/bcc_static/catalogImages/product/791459/791459.jpg"" srcset=""https://static.carrefour.es/hd_560x_/supermercado/bcc_static/catalogImages/product/791459/791459.jpg"" width=""100%""> <p class=""title-product"">
Morcilla de Burgos Embutidos Ríos 660 g</p>"
Chorizo Oreado Sin Aditivos Carrefour 400 g,"400 g. |
8,50 €/kg",,"3,40 €",,https://static.carrefour.es/hd_280x_/supermercado/bcc_static/catalogImages/product/822598/822598.jpg,"<img aria-describedby=""product-prod420144"" alt=""Chorizo Oreado Sin Aditivos Carrefour 400 g"" src=""https://static.carrefour.es/hd_280x_/supermercado/bcc_static/catalogImages/product/822598/822598.jpg"" srcset=""https://static.carrefour.es/hd_560x_/supermercado/bcc_static/catalogImages/product/822598/822598.jpg"" width=""100%""> <p class=""title-product"">
Chorizo Oreado Sin Aditivos Carrefour 400 g</p>"
Morcilla de Cebolla Sin Aditivos Carrefour 400 g,"400 g. |
6,50 €/kg",,"2,60 €",,https://static.carrefour.es/hd_280x_/supermercado/bcc_static/catalogImages/product/822590/822590.jpg,"<img aria-describedby=""product-prod420142"" alt=""Morcilla de Cebolla Sin Aditivos Carrefour 400 g"" src=""https://static.carrefour.es/hd_280x_/supermercado/bcc_static/catalogImages/product/822590/822590.jpg"" srcset=""https://static.carrefour.es/hd_560x_/supermercado/bcc_static/catalogImages/product/822590/822590.jpg"" width=""100%""> <p class=""title-product"">
Morcilla de Cebolla Sin Aditivos Carrefour 400 g</p>"
Chorizo Criollo Fresco Sin Aditivos Carrefour 400 g,"400 g. |
8,50 €/kg",,"3,40 €",,https://static.carrefour.es/hd_280x_/supermercado/bcc_static/catalogImages/product/822595/822595.jpg,"<img aria-describedby=""product-prod420147"" alt=""Chorizo Criollo Fresco Sin Aditivos Carrefour 400 g"" src=""https://static.carrefour.es/hd_280x_/supermercado/bcc_static/catalogImages/product/822595/822595.jpg"" srcset=""https://static.carrefour.es/hd_560x_/supermercado/bcc_static/catalogImages/product/822595/822595.jpg"" width=""100%""> <p class=""title-product"">
Chorizo Criollo Fresco Sin Aditivos Carrefour 400 g</p>"
Morcilla de Burgos Arroz al vacío Carrefour 660 g,"660 g. |
4,09 €/kg",,"2,70 €",,https://static.carrefour.es/hd_280x_/supermercado/bcc_static/catalogImages/product/357395/357395.jpg,"<img aria-describedby=""product-607902410"" alt=""Morcilla de Burgos Arroz al vacío Carrefour 660 g"" src=""https://static.carrefour.es/hd_280x_/supermercado/bcc_static/catalogImages/product/357395/357395.jpg"" srcset=""https://static.carrefour.es/hd_560x_/supermercado/bcc_static/catalogImages/product/357395/357395.jpg"" width=""100%""> <p class=""title-product"">
Morcilla de Burgos Arroz al vacío Carrefour 660 g</p>"
Chorizo 1ª de Cerdo Asturiano Emb. Naturales Asturianos 300 g,"300 g. |
9,63 €/kg",,"2,89 €",,https://static.carrefour.es/hd_280x_/supermercado/bcc_static/catalogImages/product/255091/255091.jpg,"<img aria-describedby=""product-526413863"" alt=""Chorizo 1ª de Cerdo Asturiano Emb. Naturales Asturianos 300 g"" src=""https://static.carrefour.es/hd_280x_/supermercado/bcc_static/catalogImages/product/255091/255091.jpg"" srcset=""https://static.carrefour.es/hd_560x_/supermercado/bcc_static/catalogImages/product/255091/255091.jpg"" width=""100%""> <p class=""title-product"">
Chorizo 1ª de Cerdo Asturiano Emb. Naturales Asturianos 300 g</p>"
Morcilla de Burgos Arroz al vacío Embutidos Rios 300 g aprox,"Envase de  300.0 g. aprox |
5,40 €/kg",,"1,62 €",,https://static.carrefour.es/hd_280x_/supermercado/bcc_static/catalogImages/product/234598/234598.jpg,"<img aria-describedby=""product-608100935"" alt=""Morcilla de Burgos Arroz al vacío Embutidos Rios 300 g aprox"" src=""https://static.carrefour.es/hd_280x_/supermercado/bcc_static/catalogImages/product/234598/234598.jpg"" srcset=""https://static.carrefour.es/hd_560x_/supermercado/bcc_static/catalogImages/product/234598/234598.jpg"" width=""100%""> <p class=""title-product"">
Morcilla de Burgos Arroz al vacío Embutidos Rios 300 g aprox</p>"
Longaniza Fresca de Cerdo Ecológica Hemosa 300 g,"300 g. |
17,50 €/ud",,"5,25 €",,https://static.carrefour.es/hd_280x_/supermercado/bcc_static/catalogImages/product/853086/853086.jpg,"<img aria-describedby=""product-prod720492"" alt=""Longaniza Fresca de Cerdo Ecológica Hemosa 300 g"" src=""https://static.carrefour.es/hd_280x_/supermercado/bcc_static/catalogImages/product/853086/853086.jpg"" srcset=""https://static.carrefour.es/hd_560x_/supermercado/bcc_static/catalogImages/product/853086/853086.jpg"" width=""100%""> <p class=""title-product"">
Longaniza Fresca de Cerdo Ecológica Hemosa 300 g</p>"
Longaniza 100% pavo Matachín 350 g,"350 g |
8,86 €/kg",,"3,10 €",,https://static.carrefour.es/hd_280x_/supermercado/bcc_static/catalogImages/product/032759/032759.jpg,"<img aria-describedby=""product-prod890035"" alt=""Longaniza 100% pavo Matachín 350 g"" src=""https://static.carrefour.es/hd_280x_/supermercado/bcc_static/catalogImages/product/032759/032759.jpg"" srcset=""https://static.carrefour.es/hd_560x_/supermercado/bcc_static/catalogImages/product/032759/032759.jpg"" width=""100%""> <p class=""title-product"">
Longaniza 100% pavo Matachín 350 g</p>"
Morcilla de Arroz Sin Aditivos Carrefour 400 g,"400 g. |
6,50 €/kg",,"2,60 €",,https://static.carrefour.es/hd_280x_/supermercado/bcc_static/catalogImages/product/822600/822600.jpg,"<img aria-describedby=""product-prod420151"" alt=""Morcilla de Arroz Sin Aditivos Carrefour 400 g"" src=""https://static.carrefour.es/hd_280x_/supermercado/bcc_static/catalogImages/product/822600/822600.jpg"" srcset=""https://static.carrefour.es/hd_560x_/supermercado/bcc_static/catalogImages/product/822600/822600.jpg"" width=""100%""> <p class=""title-product"">
Morcilla de Arroz Sin Aditivos Carrefour 400 g</p>"
Salchicha roja Sin Aditivos Carrefour 360 g,"360 g. |
8,33 €/kg",,"3,00 €",,https://static.carrefour.es/hd_280x_/supermercado/bcc_static/catalogImages/product/822599/822599.jpg,"<img aria-describedby=""product-prod420143"" alt=""Salchicha roja Sin Aditivos Carrefour 360 g"" src=""https://static.carrefour.es/hd_280x_/supermercado/bcc_static/catalogImages/product/822599/822599.jpg"" srcset=""https://static.carrefour.es/hd_560x_/supermercado/bcc_static/catalogImages/product/822599/822599.jpg"" width=""100%""> <p class=""title-product"">
Salchicha roja Sin Aditivos Carrefour 360 g</p>"
Pinchos Moruno de Pollo Emcesa 310 g,"310 g. |
9,68 €/kg",,"3,00 €",,https://static.carrefour.es/hd_280x_/supermercado/bcc_static/catalogImages/product/260919/260919.jpg,"<img aria-describedby=""product-526413913"" alt=""Pinchos Moruno de Pollo Emcesa 310 g"" src=""https://static.carrefour.es/hd_280x_/supermercado/bcc_static/catalogImages/product/260919/260919.jpg"" srcset=""https://static.carrefour.es/hd_560x_/supermercado/bcc_static/catalogImages/product/260919/260919.jpg"" width=""100%""> <p class=""title-product"">
Pinchos Moruno de Pollo Emcesa 310 g</p>"
Chorizo oreado criollo La Nuncia 320 g,"Envase de |
5,94 €/kg",,"1,90 €",,https://static.carrefour.es/hd_280x_/supermercado/bcc_static/catalogImages/product/095626/095626.jpg,"<img aria-describedby=""product-prod1020263"" alt=""Chorizo oreado criollo La Nuncia 320 g"" src=""https://static.carrefour.es/hd_280x_/supermercado/bcc_static/catalogImages/product/095626/095626.jpg"" srcset=""https://static.carrefour.es/hd_560x_/supermercado/bcc_static/catalogImages/product/095626/095626.jpg"" width=""100%""> <p class=""title-product"">
Chorizo oreado criollo La Nuncia 320 g</p>"
Longaniza Fresca Blanca de Cerdo Ibérica La Nuncia 300 g,"300 g. |
11,67 €/kg",,"3,50 €",,https://static.carrefour.es/hd_280x_/supermercado/bcc_static/catalogImages/product/687849/687849.jpg,"<img aria-describedby=""product-732408754"" alt=""Longaniza Fresca Blanca de Cerdo Ibérica La Nuncia 300 g"" src=""https://static.carrefour.es/hd_280x_/supermercado/bcc_static/catalogImages/product/687849/687849.jpg"" srcset=""https://static.carrefour.es/hd_560x_/supermercado/bcc_static/catalogImages/product/687849/687849.jpg"" width=""100%""> <p class=""title-product"">
Longaniza Fresca Blanca de Cerdo Ibérica La Nuncia 300 g</p>"
Morcilla Ibérica Achorizada Nejosa 375 g,"375 g. |
7,87 €/kg",,"2,95 €",,https://static.carrefour.es/hd_280x_/supermercado/bcc_static/catalogImages/product/776160/776160.jpg,"<img aria-describedby=""product-768101391"" alt=""Morcilla Ibérica Achorizada Nejosa 375 g"" src=""https://static.carrefour.es/hd_280x_/supermercado/bcc_static/catalogImages/product/776160/776160.jpg"" srcset=""https://static.carrefour.es/hd_560x_/supermercado/bcc_static/catalogImages/product/776160/776160.jpg"" width=""100%""> <p class=""title-product"">
Morcilla Ibérica Achorizada Nejosa 375 g</p>"
Chorizo Pincho Oreado Sin Aditivos Carrefour 320 g,"320 g. |
10,62 €/kg",,"3,40 €",,https://static.carrefour.es/hd_280x_/supermercado/bcc_static/catalogImages/product/822592/822592.jpg,"<img aria-describedby=""product-prod420141"" alt=""Chorizo Pincho Oreado Sin Aditivos Carrefour 320 g"" src=""https://static.carrefour.es/hd_280x_/supermercado/bcc_static/catalogImages/product/822592/822592.jpg"" srcset=""https://static.carrefour.es/hd_560x_/supermercado/bcc_static/catalogImages/product/822592/822592.jpg"" width=""100%""> <p class=""title-product"">
Chorizo Pincho Oreado Sin Aditivos Carrefour 320 g</p>"
,,,,,,
Txistorra de Navarra De Nuestra Tierra pieza 220 g ud,"220 g |
10,00 €/kg",,"2,20 €",,https://static.carrefour.es/hd_280x_/supermercado/bcc_static/catalogImages/product/227566/227566.jpg,"<img aria-describedby=""product-fprod1180425"" alt=""Txistorra de Navarra De Nuestra Tierra pieza 220 g ud"" src=""https://static.carrefour.es/hd_280x_/supermercado/bcc_static/catalogImages/product/227566/227566.jpg"" srcset=""https://static.carrefour.es/hd_560x_/supermercado/bcc_static/catalogImages/product/227566/227566.jpg"" width=""100%""> <p class=""title-product"">
Txistorra de Navarra De Nuestra Tierra pieza 220 g ud</p>"
Longaniza Roja de Cerdo Fresca ElPozo 650 g,"650 g. |
4,60 €/kg",,"2,99 €",,https://static.carrefour.es/hd_280x_/supermercado/bcc_static/catalogImages/product/042807/042807.jpg,"<img aria-describedby=""product-521032762"" alt=""Longaniza Roja de Cerdo Fresca ElPozo 650 g"" src=""https://static.carrefour.es/hd_280x_/supermercado/bcc_static/catalogImages/product/042807/042807.jpg"" srcset=""https://static.carrefour.es/hd_560x_/supermercado/bcc_static/catalogImages/product/042807/042807.jpg"" width=""100%""> <p class=""title-product"">
Longaniza Roja de Cerdo Fresca ElPozo 650 g</p>"
Butifarra fresca La Nuncia 300 g,"Bandeja de |
7,80 €/kg",,"2,34 €",,https://static.carrefour.es/hd_280x_/supermercado/bcc_static/catalogImages/product/095680/095680.jpg,"<img aria-describedby=""product-prod1020267"" alt=""Butifarra fresca La Nuncia 300 g"" src=""https://static.carrefour.es/hd_280x_/supermercado/bcc_static/catalogImages/product/095680/095680.jpg"" srcset=""https://static.carrefour.es/hd_560x_/supermercado/bcc_static/catalogImages/product/095680/095680.jpg"" width=""100%""> <p class=""title-product"">
Butifarra fresca La Nuncia 300 g</p>"
Longaniza Roja La Nuncia 500 g,"500 g |
5,00 €/kg",,"2,50 €",,https://static.carrefour.es/hd_280x_/supermercado/bcc_static/catalogImages/product/769478/769478.jpg,"<img aria-describedby=""product-761105016"" alt=""Longaniza Roja La Nuncia 500 g"" src=""https://static.carrefour.es/hd_280x_/supermercado/bcc_static/catalogImages/product/769478/769478.jpg"" srcset=""https://static.carrefour.es/hd_560x_/supermercado/bcc_static/catalogImages/product/769478/769478.jpg"" width=""100%""> <p class=""title-product"">
Longaniza Roja La Nuncia 500 g</p>"
Chorizo oreado pincho La Nuncia 320 g,"Envase de |
6,25 €/kg",,"2,00 €",,https://static.carrefour.es/hd_280x_/supermercado/bcc_static/catalogImages/product/095656/095656.jpg,"<img aria-describedby=""product-prod1020271"" alt=""Chorizo oreado pincho La Nuncia 320 g"" src=""https://static.carrefour.es/hd_280x_/supermercado/bcc_static/catalogImages/product/095656/095656.jpg"" srcset=""https://static.carrefour.es/hd_560x_/supermercado/bcc_static/catalogImages/product/095656/095656.jpg"" width=""100%""> <p class=""title-product"">
Chorizo oreado pincho La Nuncia 320 g</p>"
Morcilla de Calabaza Nejosa 320 g,"320 g. |
9,34 €/kg",,"2,99 €",,https://static.carrefour.es/hd_280x_/supermercado/bcc_static/catalogImages/product/776139/776139.jpg,"<img aria-describedby=""product-768101351"" alt=""Morcilla de Calabaza Nejosa 320 g"" src=""https://static.carrefour.es/hd_280x_/supermercado/bcc_static/catalogImages/product/776139/776139.jpg"" srcset=""https://static.carrefour.es/hd_560x_/supermercado/bcc_static/catalogImages/product/776139/776139.jpg"" width=""100%""> <p class=""title-product"">
Morcilla de Calabaza Nejosa 320 g</p>"
Morcilla de Cebolla de Sotopalacios Agueda Gonzalez 300 g,"400 g. |
3,75 €/kg",,"1,50 €",,https://static.carrefour.es/hd_280x_/supermercado/bcc_static/catalogImages/product/432287/432287.jpg,"<img aria-describedby=""product-711612126"" alt=""Morcilla de Cebolla de Sotopalacios Agueda Gonzalez 300 g"" src=""https://static.carrefour.es/hd_280x_/supermercado/bcc_static/catalogImages/product/432287/432287.jpg"" srcset=""https://static.carrefour.es/hd_560x_/supermercado/bcc_static/catalogImages/product/432287/432287.jpg"" width=""100%""> <p class=""title-product"">
Morcilla de Cebolla de Sotopalacios Agueda Gonzalez 300 g</p>"
Morcilla de Burgos en Rodajas Carrefour 330 g,"330 g  |
8,18 €/kg",,"2,70 €",,https://static.carrefour.es/hd_280x_/supermercado/bcc_static/catalogImages/product/145039/145039.jpg,"<img aria-describedby=""product-602205585"" alt=""Morcilla de Burgos en Rodajas Carrefour 330 g"" src=""https://static.carrefour.es/hd_280x_/supermercado/bcc_static/catalogImages/product/145039/145039.jpg"" srcset=""https://static.carrefour.es/hd_560x_/supermercado/bcc_static/catalogImages/product/145039/145039.jpg"" width=""100%""> <p class=""title-product"">
Morcilla de Burgos en Rodajas Carrefour 330 g</p>"
Morcilla de Patata Nejosa 375 g,"375g |
6,67 €/kg",,"2,50 €",,https://static.carrefour.es/hd_280x_/supermercado/bcc_static/catalogImages/product/776262/776262.jpg,"<img aria-describedby=""product-768101455"" alt=""Morcilla de Patata Nejosa 375 g"" src=""https://static.carrefour.es/hd_280x_/supermercado/bcc_static/catalogImages/product/776262/776262.jpg"" srcset=""https://static.carrefour.es/hd_560x_/supermercado/bcc_static/catalogImages/product/776262/776262.jpg"" width=""100%""> <p class=""title-product"">
Morcilla de Patata Nejosa 375 g</p>"
Morcilla de Patata Nejosa 375 g,"375 g |
6,67 €/kg",,"2,50 €",,https://static.carrefour.es/hd_280x_/supermercado/bcc_static/catalogImages/product/776137/776137.jpg,"<img aria-describedby=""product-768101347"" alt=""Morcilla de Patata Nejosa 375 g"" src=""https://static.carrefour.es/hd_280x_/supermercado/bcc_static/catalogImages/product/776137/776137.jpg"" srcset=""https://static.carrefour.es/hd_560x_/supermercado/bcc_static/catalogImages/product/776137/776137.jpg"" width=""100%""> <p class=""title-product"">
Morcilla de Patata Nejosa 375 g</p>"
Chorizo casero Comabu 300 g aprox,"Envase de 300.0 g. aprox |
8,45 €/kg",,"2,53 €",,https://static.carrefour.es/hd_280x_/supermercado/bcc_static/catalogImages/product/293583/293583.jpg,"<img aria-describedby=""product-fprod1250046"" alt=""Chorizo casero Comabu 300 g aprox"" src=""https://static.carrefour.es/hd_280x_/supermercado/bcc_static/catalogImages/product/293583/293583.jpg"" srcset=""https://static.carrefour.es/hd_560x_/supermercado/bcc_static/catalogImages/product/293583/293583.jpg"" width=""100%""> <p class=""title-product"">
Chorizo casero Comabu 300 g aprox</p>"
Morcilla de Cerdo Asturiana Emb. Naturales Asturianos 300 g,"300 g. |
9,00 €/kg",,"2,70 €",,https://static.carrefour.es/hd_280x_/supermercado/bcc_static/catalogImages/product/255095/255095.jpg,"<img aria-describedby=""product-527018087"" alt=""Morcilla de Cerdo Asturiana Emb. Naturales Asturianos 300 g"" src=""https://static.carrefour.es/hd_280x_/supermercado/bcc_static/catalogImages/product/255095/255095.jpg"" srcset=""https://static.carrefour.es/hd_560x_/supermercado/bcc_static/catalogImages/product/255095/255095.jpg"" width=""100%""> <p class=""title-product"">
Morcilla de Cerdo Asturiana Emb. Naturales Asturianos 300 g</p>"
Chorizo oreado ecológico Hemosa 280 g,"Bandeja de |
4,90 €/ud",,"4,90 €",,https://static.carrefour.es/hd_280x_/supermercado/bcc_static/catalogImages/product/990998/990998.jpg,"<img aria-describedby=""product-prod790160"" alt=""Chorizo oreado ecológico Hemosa 280 g"" src=""https://static.carrefour.es/hd_280x_/supermercado/bcc_static/catalogImages/product/990998/990998.jpg"" srcset=""https://static.carrefour.es/hd_560x_/supermercado/bcc_static/catalogImages/product/990998/990998.jpg"" width=""100%""> <p class=""title-product"">
Chorizo oreado ecológico Hemosa 280 g</p>"
Panceta de Cerdo Adobada Fileteada Carrefour 440 g,"Bandeja de  440.0 g. aprox |
7,95 €/kg",,"3,50 €",,https://static.carrefour.es/hd_280x_/supermercado/bcc_static/catalogImages/product/681012/681012.jpg,"<img aria-describedby=""product-522714440"" alt=""Panceta de Cerdo Adobada Fileteada Carrefour 440 g "" src=""https://static.carrefour.es/hd_280x_/supermercado/bcc_static/catalogImages/product/681012/681012.jpg"" srcset=""https://static.carrefour.es/hd_560x_/supermercado/bcc_static/catalogImages/product/681012/681012.jpg"" width=""100%""> <p class=""title-product"">
Panceta de Cerdo Adobada Fileteada Carrefour 440 g </p>"
Chorizo de Cerdo Ibérico Oreado La Nuncia 400 g,"400 g. |
11,25 €/kg",,"4,50 €",,https://static.carrefour.es/hd_280x_/supermercado/bcc_static/catalogImages/product/687865/687865.jpg,"<img aria-describedby=""product-732408768"" alt=""Chorizo de Cerdo Ibérico Oreado La Nuncia 400 g"" src=""https://static.carrefour.es/hd_280x_/supermercado/bcc_static/catalogImages/product/687865/687865.jpg"" srcset=""https://static.carrefour.es/hd_560x_/supermercado/bcc_static/catalogImages/product/687865/687865.jpg"" width=""100%""> <p class=""title-product"">
Chorizo de Cerdo Ibérico Oreado La Nuncia 400 g</p>"
Panceta de Cerdo Ibérica Salada Carrefour 1 Kg,"Bandeja de  1000.0 g. aprox |
4,95 €/kg",,"4,95 €",,https://static.carrefour.es/hd_280x_/supermercado/bcc_static/catalogImages/product/196371/196371.jpg,"<img aria-describedby=""product-608702426"" alt=""Panceta de Cerdo Ibérica Salada Carrefour 1 Kg "" src=""https://static.carrefour.es/hd_280x_/supermercado/bcc_static/catalogImages/product/196371/196371.jpg"" srcset=""https://static.carrefour.es/hd_560x_/supermercado/bcc_static/catalogImages/product/196371/196371.jpg"" width=""100%""> <p class=""title-product"">
Panceta de Cerdo Ibérica Salada Carrefour 1 Kg </p>"
Morcillita ibérica Embutidos Jabugo Cuyar (2x120g)  240 g,"2x120 g. |
11,67 €/kg",,"2,80 €",,https://static.carrefour.es/hd_280x_/supermercado/bcc_static/catalogImages/product/980757/980757.jpg,"<img aria-describedby=""product-prod81019"" alt=""Morcillita ibérica Embutidos Jabugo Cuyar (2x120g)  240 g"" src=""https://static.carrefour.es/hd_280x_/supermercado/bcc_static/catalogImages/product/980757/980757.jpg"" srcset=""https://static.carrefour.es/hd_560x_/supermercado/bcc_static/catalogImages/product/980757/980757.jpg"" width=""100%""> <p class=""title-product"">
Morcillita ibérica Embutidos Jabugo Cuyar (2x120g)  240 g</p>"
Longaniza blanca Carrefour 500 g aprox,"Envase de 500.0 g. aprox |
7,90 €/kg",,"3,95 €",,https://static.carrefour.es/hd_280x_/supermercado/bcc_static/catalogImages/product/297717/297717.jpg,"<img aria-describedby=""product-prod220172"" alt=""Longaniza blanca Carrefour 500 g aprox"" src=""https://static.carrefour.es/hd_280x_/supermercado/bcc_static/catalogImages/product/297717/297717.jpg"" srcset=""https://static.carrefour.es/hd_560x_/supermercado/bcc_static/catalogImages/product/297717/297717.jpg"" width=""100%""> <p class=""title-product"">
Longaniza blanca Carrefour 500 g aprox</p>"
Morcilla Asturiana La Pilarica 250 g,"250 g. |
9,60 €/kg",,"2,40 €",,https://static.carrefour.es/hd_280x_/supermercado/bcc_static/catalogImages/product/893165/893165.jpg,"<img aria-describedby=""product-794246971"" alt=""Morcilla Asturiana La Pilarica 250 g"" src=""https://static.carrefour.es/hd_280x_/supermercado/bcc_static/catalogImages/product/893165/893165.jpg"" srcset=""https://static.carrefour.es/hd_560x_/supermercado/bcc_static/catalogImages/product/893165/893165.jpg"" width=""100%""> <p class=""title-product"">
Morcilla Asturiana La Pilarica 250 g</p>"
Morcilla de Burgos Capricho Embutidos Ríos 300 g,"300 g. |
6,67 €/kg",,"2,00 €",,https://static.carrefour.es/hd_280x_/supermercado/bcc_static/catalogImages/product/880513/880513.jpg,"<img aria-describedby=""product-787575661"" alt=""Morcilla de Burgos Capricho Embutidos Ríos 300 g"" src=""https://static.carrefour.es/hd_280x_/supermercado/bcc_static/catalogImages/product/880513/880513.jpg"" srcset=""https://static.carrefour.es/hd_560x_/supermercado/bcc_static/catalogImages/product/880513/880513.jpg"" width=""100%""> <p class=""title-product"">
Morcilla de Burgos Capricho Embutidos Ríos 300 g</p>"
Morcilla de Wagyu Santa Rosalía 265 g,"265 g. |
9,43 €/kg",,"2,50 €",,https://static.carrefour.es/hd_280x_/supermercado/bcc_static/catalogImages/product/764729/764729.jpg,"<img aria-describedby=""product-755604444"" alt=""Morcilla de Wagyu Santa Rosalía 265 g"" src=""https://static.carrefour.es/hd_280x_/supermercado/bcc_static/catalogImages/product/764729/764729.jpg"" srcset=""https://static.carrefour.es/hd_560x_/supermercado/bcc_static/catalogImages/product/764729/764729.jpg"" width=""100%""> <p class=""title-product"">
Morcilla de Wagyu Santa Rosalía 265 g</p>"
Morcilla Curada Ibérica Cárnicas Tello 280 g,"280 g. |
10,36 €/kg",,"2,90 €",,https://static.carrefour.es/hd_280x_/supermercado/bcc_static/catalogImages/product/771087/771087.jpg,"<img aria-describedby=""product-762405085"" alt=""Morcilla Curada Ibérica Cárnicas Tello 280 g"" src=""https://static.carrefour.es/hd_280x_/supermercado/bcc_static/catalogImages/product/771087/771087.jpg"" srcset=""https://static.carrefour.es/hd_560x_/supermercado/bcc_static/catalogImages/product/771087/771087.jpg"" width=""100%""> <p class=""title-product"">
Morcilla Curada Ibérica Cárnicas Tello 280 g</p>"
Salchicha Blanca Fresca Comabu 400 g aprox,"Bandeja de  400.0 g. aprox |
7,95 €/kg",,"3,18 €",,https://static.carrefour.es/hd_280x_/supermercado/bcc_static/catalogImages/product/930601/930601.jpg,"<img aria-describedby=""product-prod250644"" alt=""Salchicha Blanca Fresca Comabu 400 g aprox"" src=""https://static.carrefour.es/hd_280x_/supermercado/bcc_static/catalogImages/product/930601/930601.jpg"" srcset=""https://static.carrefour.es/hd_560x_/supermercado/bcc_static/catalogImages/product/930601/930601.jpg"" width=""100%""> <p class=""title-product"">
Salchicha Blanca Fresca Comabu 400 g aprox</p>"
Butifarra dulce pincho 500 g aprox,"Envase de 500.0 g. aprox |
8,95 €/kg",,"4,47 €",,https://static.carrefour.es/hd_280x_/supermercado/bcc_static/catalogImages/product/931413/931413.jpg,"<img aria-describedby=""product-prod220481"" alt=""Butifarra dulce pincho 500 g aprox"" src=""https://static.carrefour.es/hd_280x_/supermercado/bcc_static/catalogImages/product/931413/931413.jpg"" srcset=""https://static.carrefour.es/hd_560x_/supermercado/bcc_static/catalogImages/product/931413/931413.jpg"" width=""100%""> <p class=""title-product"">
Butifarra dulce pincho 500 g aprox</p>"
,,,,,,
Chorizo chistorra de cerdo 350 g aprox,"Envase de 350.0 g. aprox |
7,15 €/kg",,"2,50 €",,https://static.carrefour.es/hd_280x_/supermercado/bcc_static/catalogImages/product/930346/930346.jpg,"<img aria-describedby=""product-prod250146"" alt=""Chorizo chistorra de cerdo 350 g aprox"" src=""https://static.carrefour.es/hd_280x_/supermercado/bcc_static/catalogImages/product/930346/930346.jpg"" srcset=""https://static.carrefour.es/hd_560x_/supermercado/bcc_static/catalogImages/product/930346/930346.jpg"" width=""100%""> <p class=""title-product"">
Chorizo chistorra de cerdo 350 g aprox</p>"
Chorizo de cerdo oreado en tripa fresca 350 g aprox,"Envase de 350.0 g. aprox |
8,95 €/kg",,"3,13 €",,https://static.carrefour.es/hd_280x_/supermercado/bcc_static/catalogImages/product/930373/930373.jpg,"<img aria-describedby=""product-prod220087"" alt=""Chorizo de cerdo oreado en tripa fresca 350 g aprox"" src=""https://static.carrefour.es/hd_280x_/supermercado/bcc_static/catalogImages/product/930373/930373.jpg"" srcset=""https://static.carrefour.es/hd_560x_/supermercado/bcc_static/catalogImages/product/930373/930373.jpg"" width=""100%""> <p class=""title-product"">
Chorizo de cerdo oreado en tripa fresca 350 g aprox</p>"
Morcilla pincho cocida 350 g aprox,"Envase de 350.0 g. aprox |
6,75 €/kg",,"2,36 €",,https://static.carrefour.es/hd_280x_/supermercado/bcc_static/catalogImages/product/931408/931408.jpg,"<img aria-describedby=""product-prod272373"" alt=""Morcilla pincho cocida 350 g aprox"" src=""https://static.carrefour.es/hd_280x_/supermercado/bcc_static/catalogImages/product/931408/931408.jpg"" srcset=""https://static.carrefour.es/hd_560x_/supermercado/bcc_static/catalogImages/product/931408/931408.jpg"" width=""100%""> <p class=""title-product"">
Morcilla pincho cocida 350 g aprox</p>"
Chorizo chistorra de cerdo Comabu 300 g aprox,"Envase de 300.0 g. aprox |
8,45 €/kg",,"2,53 €",,https://static.carrefour.es/hd_280x_/supermercado/bcc_static/catalogImages/product/293650/293650.jpg,"<img aria-describedby=""product-fprod1250001"" alt=""Chorizo chistorra de cerdo Comabu 300 g aprox"" src=""https://static.carrefour.es/hd_280x_/supermercado/bcc_static/catalogImages/product/293650/293650.jpg"" srcset=""https://static.carrefour.es/hd_560x_/supermercado/bcc_static/catalogImages/product/293650/293650.jpg"" width=""100%""> <p class=""title-product"">
Chorizo chistorra de cerdo Comabu 300 g aprox</p>"
Butifarra de Pinto 500 g aprox,"Envase de 500.0 g. aprox |
7,15 €/kg",,"3,57 €",,https://static.carrefour.es/hd_280x_/supermercado/bcc_static/catalogImages/product/930348/930348.jpg,"<img aria-describedby=""product-prod231406"" alt=""Butifarra de Pinto 500 g aprox"" src=""https://static.carrefour.es/hd_280x_/supermercado/bcc_static/catalogImages/product/930348/930348.jpg"" srcset=""https://static.carrefour.es/hd_560x_/supermercado/bcc_static/catalogImages/product/930348/930348.jpg"" width=""100%""> <p class=""title-product"">
Butifarra de Pinto 500 g aprox</p>"
Chorizo pincho picante de cerdo Comabu 300 g aprox,"Envase de 300.0 g. aprox |
8,45 €/kg",,"2,53 €",,https://static.carrefour.es/hd_280x_/supermercado/bcc_static/catalogImages/product/293578/293578.jpg,"<img aria-describedby=""product-fprod1250051"" alt=""Chorizo pincho picante de cerdo Comabu 300 g aprox"" src=""https://static.carrefour.es/hd_280x_/supermercado/bcc_static/catalogImages/product/293578/293578.jpg"" srcset=""https://static.carrefour.es/hd_560x_/supermercado/bcc_static/catalogImages/product/293578/293578.jpg"" width=""100%""> <p class=""title-product"">
Chorizo pincho picante de cerdo Comabu 300 g aprox</p>"
Chorizo criollo de cerdo Comabu 300 g aprox,"Envase de 300.0 g. aprox |
8,45 €/kg",,"2,53 €",,https://static.carrefour.es/hd_280x_/supermercado/bcc_static/catalogImages/product/293656/293656.jpg,"<img aria-describedby=""product-fprod1250085"" alt=""Chorizo criollo de cerdo Comabu 300 g aprox"" src=""https://static.carrefour.es/hd_280x_/supermercado/bcc_static/catalogImages/product/293656/293656.jpg"" srcset=""https://static.carrefour.es/hd_560x_/supermercado/bcc_static/catalogImages/product/293656/293656.jpg"" width=""100%""> <p class=""title-product"">
Chorizo criollo de cerdo Comabu 300 g aprox</p>"
"Panceta de Cerdo Adobada de ""El Bierzo"" La Encina 680 g","Bandeja de  680.0 g. aprox |
13,90 €/kg",,"9,45 €",,https://static.carrefour.es/hd_280x_/supermercado/bcc_static/catalogImages/product/252422/252422.jpg,"<img aria-describedby=""product-608101193"" alt=""Panceta de Cerdo Adobada de "" el="""" bierzo""="""" la="""" encina="""" 680="""" g""="""" src=""https://static.carrefour.es/hd_280x_/supermercado/bcc_static/catalogImages/product/252422/252422.jpg"" srcset=""https://static.carrefour.es/hd_560x_/supermercado/bcc_static/catalogImages/product/252422/252422.jpg"" width=""100%""> <p class=""title-product"">
Panceta de Cerdo Adobada de ""El Bierzo"" La Encina 680 g</p>"
Chorizo pincho de cerdo oreado en tripa fresca 350 g aprox,"Envase de 350.0 g. aprox |
8,95 €/kg",,"3,13 €",,https://static.carrefour.es/hd_280x_/supermercado/bcc_static/catalogImages/product/931402/931402.jpg,"<img aria-describedby=""product-prod220457"" alt=""Chorizo pincho de cerdo oreado en tripa fresca 350 g aprox"" src=""https://static.carrefour.es/hd_280x_/supermercado/bcc_static/catalogImages/product/931402/931402.jpg"" srcset=""https://static.carrefour.es/hd_560x_/supermercado/bcc_static/catalogImages/product/931402/931402.jpg"" width=""100%""> <p class=""title-product"">
Chorizo pincho de cerdo oreado en tripa fresca 350 g aprox</p>"
Morcilla de Burgos Dompal sin gluten 285 g.,"285 g. |
12,60 €/kg",,"3,59 €",,https://static.carrefour.es/hd_280x_/supermercado/bcc_static/catalogImages/product/790324/790324.jpg,"<img aria-describedby=""product-590511414"" alt=""Morcilla de Burgos Dompal sin gluten 285 g."" src=""https://static.carrefour.es/hd_280x_/supermercado/bcc_static/catalogImages/product/790324/790324.jpg"" srcset=""https://static.carrefour.es/hd_560x_/supermercado/bcc_static/catalogImages/product/790324/790324.jpg"" width=""100%""> <p class=""title-product"">
Morcilla de Burgos Dompal sin gluten 285 g.</p>"
Tripera adobada Chamuscada Dionisio 260 g,"260 g. |
11,92 €/kg",,"3,10 €",,https://static.carrefour.es/hd_280x_/supermercado/bcc_static/catalogImages/product/708187/708187.jpg,"<img aria-describedby=""product-738112049"" alt=""Tripera adobada Chamuscada Dionisio 260 g"" src=""https://static.carrefour.es/hd_280x_/supermercado/bcc_static/catalogImages/product/708187/708187.jpg"" srcset=""https://static.carrefour.es/hd_560x_/supermercado/bcc_static/catalogImages/product/708187/708187.jpg"" width=""100%""> <p class=""title-product"">
Tripera adobada Chamuscada Dionisio 260 g</p>"
Chorizo pincho de cerdo picante oreado en tripa fresca 350 g aprox,"Envase de 350.0 g. aprox |
9,25 €/kg",,"3,24 €",,https://static.carrefour.es/hd_280x_/supermercado/bcc_static/catalogImages/product/931403/931403.jpg,"<img aria-describedby=""product-prod220482"" alt=""Chorizo pincho de cerdo picante oreado en tripa fresca 350 g aprox"" src=""https://static.carrefour.es/hd_280x_/supermercado/bcc_static/catalogImages/product/931403/931403.jpg"" srcset=""https://static.carrefour.es/hd_560x_/supermercado/bcc_static/catalogImages/product/931403/931403.jpg"" width=""100%""> <p class=""title-product"">
Chorizo pincho de cerdo picante oreado en tripa fresca 350 g aprox</p>"
