Title,kg price,Discounted Price,Actual Price,Actual Price 2,Image,Merchant Product Id HTML
Estofado de Añojo Carrefour Calidad y Origen 500 g,"Bandeja de  500.0 g. aprox |
7,20 €/kg","3,60 €",,"3,80 €",https://static.carrefour.es/hd_280x_/supermercado/bcc_static/catalogImages/product/842673/842673.jpg,"<img aria-describedby=""product-prod840073"" alt=""Estofado de Añojo Carrefour Calidad y Origen 500 g"" src=""https://static.carrefour.es/hd_280x_/supermercado/bcc_static/catalogImages/product/842673/842673.jpg"" srcset=""https://static.carrefour.es/hd_560x_/supermercado/bcc_static/catalogImages/product/842673/842673.jpg"" width=""100%""> <p class=""title-product"">
Estofado de Añojo Carrefour Calidad y Origen 500 g</p>"
Picada de Añojo Carrefour Calidad y Origen 400 g,"Envase de |
9,75 €/kg",,"3,90 €",,https://static.carrefour.es/hd_280x_/supermercado/bcc_static/catalogImages/product/126715/126715.jpg,"<img aria-describedby=""product-prod1070062"" alt=""Picada de Añojo Carrefour Calidad y Origen 400 g "" src=""https://static.carrefour.es/hd_280x_/supermercado/bcc_static/catalogImages/product/126715/126715.jpg"" srcset=""https://static.carrefour.es/hd_560x_/supermercado/bcc_static/catalogImages/product/126715/126715.jpg"" width=""100%""> <p class=""title-product"">
Picada de Añojo Carrefour Calidad y Origen 400 g </p>"
Filete 1ªA de Añojo Carrefour Calidad y Origen 500 g,"Bandeja de  500.0 g. aprox |
10,20 €/kg",,"5,10 €",,https://static.carrefour.es/hd_280x_/supermercado/bcc_static/catalogImages/product/842659/842659.jpg,"<img aria-describedby=""product-prod840024"" alt=""Filete 1ªA de Añojo Carrefour Calidad y Origen 500 g"" src=""https://static.carrefour.es/hd_280x_/supermercado/bcc_static/catalogImages/product/842659/842659.jpg"" srcset=""https://static.carrefour.es/hd_560x_/supermercado/bcc_static/catalogImages/product/842659/842659.jpg"" width=""100%""> <p class=""title-product"">
Filete 1ªA de Añojo Carrefour Calidad y Origen 500 g</p>"
Carpaccio de Vacuno Roler 110 g,"Bandeja de 110 g. |
29,55 €/kg",,"3,25 €",,https://static.carrefour.es/hd_280x_/supermercado/bcc_static/catalogImages/product/393681/393681.jpg,"<img aria-describedby=""product-607219906"" alt=""Carpaccio de Vacuno Roler 110 g"" src=""https://static.carrefour.es/hd_280x_/supermercado/bcc_static/catalogImages/product/393681/393681.jpg"" srcset=""https://static.carrefour.es/hd_560x_/supermercado/bcc_static/catalogImages/product/393681/393681.jpg"" width=""100%""> <p class=""title-product"">
Carpaccio de Vacuno Roler 110 g</p>"
Filete 1ªA de Vacuno Carrefour 1 Kg aprox,"Bandeja de 1000.0 g. aprox |
7,95 €/kg","7,95 €",,"9,80 €",https://static.carrefour.es/hd_280x_/supermercado/bcc_static/catalogImages/product/815348/815348.jpg,"<img aria-describedby=""product-806518341"" alt=""Filete 1ªA de Vacuno Carrefour 1 Kg aprox"" src=""https://static.carrefour.es/hd_280x_/supermercado/bcc_static/catalogImages/product/815348/815348.jpg"" srcset=""https://static.carrefour.es/hd_560x_/supermercado/bcc_static/catalogImages/product/815348/815348.jpg"" width=""100%""> <p class=""title-product"">
Filete 1ªA de Vacuno Carrefour 1 Kg aprox</p>"
Hamburguesas de Añojo Carrefour Calidad y Origen 240 g,"Envase de |
9,79 €/kg",,"2,35 €",,https://static.carrefour.es/hd_280x_/supermercado/bcc_static/catalogImages/product/126711/126711.jpg,"<img aria-describedby=""product-prod1070063"" alt=""Hamburguesas de Añojo Carrefour Calidad y Origen 240 g"" src=""https://static.carrefour.es/hd_280x_/supermercado/bcc_static/catalogImages/product/126711/126711.jpg"" srcset=""https://static.carrefour.es/hd_560x_/supermercado/bcc_static/catalogImages/product/126711/126711.jpg"" width=""100%""> <p class=""title-product"">
Hamburguesas de Añojo Carrefour Calidad y Origen 240 g</p>"
Aguja de añojo Carrefour Calidad y Origen 500 g aprox,"500 g aprox 500.0 g. aprox |
7,50 €/kg","3,75 €",,"4,35 €",https://static.carrefour.es/hd_280x_/supermercado/bcc_static/catalogImages/product/842662/842662.jpg,"<img aria-describedby=""product-prod840027"" alt=""Aguja de añojo Carrefour Calidad y Origen 500 g aprox"" src=""https://static.carrefour.es/hd_280x_/supermercado/bcc_static/catalogImages/product/842662/842662.jpg"" srcset=""https://static.carrefour.es/hd_560x_/supermercado/bcc_static/catalogImages/product/842662/842662.jpg"" width=""100%""> <p class=""title-product"">
Aguja de añojo Carrefour Calidad y Origen 500 g aprox</p>"
Troceada de carne de Añojo para guisar Carrefour Calidad y Origen 300 g aprox,"Envase de 300.0 g. aprox |
7,20 €/kg","2,16 €",,"2,28 €",https://static.carrefour.es/hd_280x_/supermercado/bcc_static/catalogImages/product/126585/126585.jpg,"<img aria-describedby=""product-prod1070042"" alt=""Troceada de carne de Añojo para guisar Carrefour Calidad y Origen 300 g aprox"" src=""https://static.carrefour.es/hd_280x_/supermercado/bcc_static/catalogImages/product/126585/126585.jpg"" srcset=""https://static.carrefour.es/hd_560x_/supermercado/bcc_static/catalogImages/product/126585/126585.jpg"" width=""100%""> <p class=""title-product"">
Troceada de carne de Añojo para guisar Carrefour Calidad y Origen 300 g aprox</p>"
Chuletón de Vacuno Carrefour 600 g,"Bandeja de 600.0 g. aprox |
13,95 €/kg",,"8,37 €",,https://static.carrefour.es/hd_280x_/supermercado/bcc_static/catalogImages/product/279789/279789.jpg,"<img aria-describedby=""product-608101741"" alt=""Chuletón de Vacuno Carrefour 600 g"" src=""https://static.carrefour.es/hd_280x_/supermercado/bcc_static/catalogImages/product/279789/279789.jpg"" srcset=""https://static.carrefour.es/hd_560x_/supermercado/bcc_static/catalogImages/product/279789/279789.jpg"" width=""100%""> <p class=""title-product"">
Chuletón de Vacuno Carrefour 600 g</p>"
Morcillo de añojo al corte Carrefour Calidad y Origen 500 g aprox,"500 g aprox 500.0 g. aprox |
7,90 €/kg",,"3,95 €",,https://static.carrefour.es/hd_280x_/supermercado/bcc_static/catalogImages/product/842655/842655.jpg,"<img aria-describedby=""product-prod840018"" alt=""Morcillo de añojo al corte Carrefour Calidad y Origen 500 g aprox"" src=""https://static.carrefour.es/hd_280x_/supermercado/bcc_static/catalogImages/product/842655/842655.jpg"" srcset=""https://static.carrefour.es/hd_560x_/supermercado/bcc_static/catalogImages/product/842655/842655.jpg"" width=""100%""> <p class=""title-product"">
Morcillo de añojo al corte Carrefour Calidad y Origen 500 g aprox</p>"
Filete Fino de Añojo Extratierno ElPozo 500 g,"Bandeja de 500.0 g. aprox |
9,95 €/kg",,"4,97 €",,https://static.carrefour.es/hd_280x_/supermercado/bcc_static/catalogImages/product/781969/781969.jpg,"<img aria-describedby=""product-781837907"" alt=""Filete Fino de Añojo Extratierno ElPozo 500 g"" src=""https://static.carrefour.es/hd_280x_/supermercado/bcc_static/catalogImages/product/781969/781969.jpg"" srcset=""https://static.carrefour.es/hd_560x_/supermercado/bcc_static/catalogImages/product/781969/781969.jpg"" width=""100%""> <p class=""title-product"">
Filete Fino de Añojo Extratierno ElPozo 500 g</p>"
Filetes 1ªA carne de Guadarrama Carrefour 500 g,"Bandeja de 500.0 g. aprox |
14,20 €/kg",,"7,10 €",,https://static.carrefour.es/hd_280x_/supermercado/bcc_static/catalogImages/product/296304/296304.jpg,"<img aria-describedby=""product-607902140"" alt=""Filetes 1ªA carne de Guadarrama Carrefour 500 g"" src=""https://static.carrefour.es/hd_280x_/supermercado/bcc_static/catalogImages/product/296304/296304.jpg"" srcset=""https://static.carrefour.es/hd_560x_/supermercado/bcc_static/catalogImages/product/296304/296304.jpg"" width=""100%""> <p class=""title-product"">
Filetes 1ªA carne de Guadarrama Carrefour 500 g</p>"
Entrecot/Lomo de Añojo Carrefour Calidad y Origen 500 g,"Bandeja de  500.0 g. aprox |
13,60 €/kg","6,80 €",,"8,45 €",https://static.carrefour.es/hd_280x_/supermercado/bcc_static/catalogImages/product/842661/842661.jpg,"<img aria-describedby=""product-prod840026"" alt=""Entrecot/Lomo de Añojo Carrefour Calidad y Origen 500 g"" src=""https://static.carrefour.es/hd_280x_/supermercado/bcc_static/catalogImages/product/842661/842661.jpg"" srcset=""https://static.carrefour.es/hd_560x_/supermercado/bcc_static/catalogImages/product/842661/842661.jpg"" width=""100%""> <p class=""title-product"">
Entrecot/Lomo de Añojo Carrefour Calidad y Origen 500 g</p>"
Redondo de Añojo Carrefour Calidad y Origen 500 g,"Bandeja de  500.0 g. aprox |
10,90 €/kg",,"5,45 €",,https://static.carrefour.es/hd_280x_/supermercado/bcc_static/catalogImages/product/842660/842660.jpg,"<img aria-describedby=""product-prod840025"" alt=""Redondo de Añojo Carrefour Calidad y Origen 500 g"" src=""https://static.carrefour.es/hd_280x_/supermercado/bcc_static/catalogImages/product/842660/842660.jpg"" srcset=""https://static.carrefour.es/hd_560x_/supermercado/bcc_static/catalogImages/product/842660/842660.jpg"" width=""100%""> <p class=""title-product"">
Redondo de Añojo Carrefour Calidad y Origen 500 g</p>"
Chuletón de Vacuno Carrefour 1000 g,"Bandeja de 1000.0 g. aprox |
13,95 €/kg",,"13,95 €",,https://static.carrefour.es/hd_280x_/supermercado/bcc_static/catalogImages/product/395751/395751.jpg,"<img aria-describedby=""product-784417842"" alt=""Chuletón de Vacuno Carrefour 1000 g"" src=""https://static.carrefour.es/hd_280x_/supermercado/bcc_static/catalogImages/product/395751/395751.jpg"" srcset=""https://static.carrefour.es/hd_560x_/supermercado/bcc_static/catalogImages/product/395751/395751.jpg"" width=""100%""> <p class=""title-product"">
Chuletón de Vacuno Carrefour 1000 g</p>"
Filete Fino 1ªA de Vacuno Carrefour 1000 g,"Bandeja de 230 g. |
3,90 €/ud",,"3,90 €",,https://static.carrefour.es/hd_280x_/supermercado/bcc_static/catalogImages/product/715340/715340.jpg,"<img aria-describedby=""product-521032420"" alt=""Filete Fino 1ªA de Vacuno Carrefour 1000 g"" src=""https://static.carrefour.es/hd_280x_/supermercado/bcc_static/catalogImages/product/715340/715340.jpg"" srcset=""https://static.carrefour.es/hd_560x_/supermercado/bcc_static/catalogImages/product/715340/715340.jpg"" width=""100%""> <p class=""title-product"">
Filete Fino 1ªA de Vacuno Carrefour 1000 g</p>"
Filete 1ªB de Añojo Carrefour Calidad y Origen 500 g,"Bandeja de  500.0 g. aprox |
7,50 €/kg","3,75 €",,"4,34 €",https://static.carrefour.es/hd_280x_/supermercado/bcc_static/catalogImages/product/842674/842674.jpg,"<img aria-describedby=""product-prod840072"" alt=""Filete 1ªB de Añojo Carrefour Calidad y Origen 500 g"" src=""https://static.carrefour.es/hd_280x_/supermercado/bcc_static/catalogImages/product/842674/842674.jpg"" srcset=""https://static.carrefour.es/hd_560x_/supermercado/bcc_static/catalogImages/product/842674/842674.jpg"" width=""100%""> <p class=""title-product"">
Filete 1ªB de Añojo Carrefour Calidad y Origen 500 g</p>"
Cadera/babilla de añojo Carrefour Calidad y Origen 500 g aprox,"500 g aprox 500.0 g. aprox |
11,40 €/kg",,"5,70 €",,https://static.carrefour.es/hd_280x_/supermercado/bcc_static/catalogImages/product/842678/842678.jpg,"<img aria-describedby=""product-prod840087"" alt=""Cadera/babilla de añojo Carrefour Calidad y Origen 500 g aprox"" src=""https://static.carrefour.es/hd_280x_/supermercado/bcc_static/catalogImages/product/842678/842678.jpg"" srcset=""https://static.carrefour.es/hd_560x_/supermercado/bcc_static/catalogImages/product/842678/842678.jpg"" width=""100%""> <p class=""title-product"">
Cadera/babilla de añojo Carrefour Calidad y Origen 500 g aprox</p>"
Filetes 1ªA carne de Guadarrama Carrefour 300 g,"Bandeja de  300.0 g. aprox |
14,20 €/kg",,"4,26 €",,https://static.carrefour.es/hd_280x_/supermercado/bcc_static/catalogImages/product/694747/694747.jpg,"<img aria-describedby=""product-prod220897"" alt=""Filetes 1ªA carne de Guadarrama Carrefour 300 g"" src=""https://static.carrefour.es/hd_280x_/supermercado/bcc_static/catalogImages/product/694747/694747.jpg"" srcset=""https://static.carrefour.es/hd_560x_/supermercado/bcc_static/catalogImages/product/694747/694747.jpg"" width=""100%""> <p class=""title-product"">
Filetes 1ªA carne de Guadarrama Carrefour 300 g</p>"
Filetes 1ª B Añojo Carrefour Calidad y Origen 300 g aprox,"Envase de 300.0 g. aprox |
7,50 €/kg","2,25 €",,"2,61 €",https://static.carrefour.es/hd_280x_/supermercado/bcc_static/catalogImages/product/126604/126604.jpg,"<img aria-describedby=""product-prod1070080"" alt=""Filetes 1ª B Añojo Carrefour Calidad y Origen 300 g aprox"" src=""https://static.carrefour.es/hd_280x_/supermercado/bcc_static/catalogImages/product/126604/126604.jpg"" srcset=""https://static.carrefour.es/hd_560x_/supermercado/bcc_static/catalogImages/product/126604/126604.jpg"" width=""100%""> <p class=""title-product"">
Filetes 1ª B Añojo Carrefour Calidad y Origen 300 g aprox</p>"
Estofado de carne de Guadarrama Carrefour 500 g,"Bandeja de 500.0 g. aprox |
8,20 €/kg",,"4,10 €",,https://static.carrefour.es/hd_280x_/supermercado/bcc_static/catalogImages/product/296321/296321.jpg,"<img aria-describedby=""product-607902148"" alt=""Estofado de carne de Guadarrama Carrefour 500 g"" src=""https://static.carrefour.es/hd_280x_/supermercado/bcc_static/catalogImages/product/296321/296321.jpg"" srcset=""https://static.carrefour.es/hd_560x_/supermercado/bcc_static/catalogImages/product/296321/296321.jpg"" width=""100%""> <p class=""title-product"">
Estofado de carne de Guadarrama Carrefour 500 g</p>"
Solomillo de Vacuno Carrefour 500 g,"Bandeja de 500.0 g. aprox |
22,90 €/kg","11,45 €",,"12,95 €",https://static.carrefour.es/hd_280x_/supermercado/bcc_static/catalogImages/product/803769/803769.jpg,"<img aria-describedby=""product-626701909"" alt=""Solomillo de Vacuno Carrefour 500 g"" src=""https://static.carrefour.es/hd_280x_/supermercado/bcc_static/catalogImages/product/803769/803769.jpg"" srcset=""https://static.carrefour.es/hd_560x_/supermercado/bcc_static/catalogImages/product/803769/803769.jpg"" width=""100%""> <p class=""title-product"">
Solomillo de Vacuno Carrefour 500 g</p>"
Filete 1ªA Ternera Blanca Carrefour 500 g,"500002 500.0 g. aprox |
14,90 €/kg",,"7,45 €",,https://static.carrefour.es/hd_280x_/supermercado/bcc_static/catalogImages/product/145262/145262.jpg,"<img aria-describedby=""product-prod63032"" alt=""Filete 1ªA Ternera Blanca Carrefour 500 g"" src=""https://static.carrefour.es/hd_280x_/supermercado/bcc_static/catalogImages/product/145262/145262.jpg"" srcset=""https://static.carrefour.es/hd_560x_/supermercado/bcc_static/catalogImages/product/145262/145262.jpg"" width=""100%""> <p class=""title-product"">
Filete 1ªA Ternera Blanca Carrefour 500 g</p>"
Huesos de Añojo Carrefour 450 g aprox,"Bandeja de  450.0 g. aprox |
2,90 €/kg",,"1,30 €",,https://static.carrefour.es/hd_280x_/supermercado/bcc_static/catalogImages/product/165422/165422.jpg,"<img aria-describedby=""product-521032444"" alt=""Huesos de Añojo Carrefour 450 g aprox "" src=""https://static.carrefour.es/hd_280x_/supermercado/bcc_static/catalogImages/product/165422/165422.jpg"" srcset=""https://static.carrefour.es/hd_560x_/supermercado/bcc_static/catalogImages/product/165422/165422.jpg"" width=""100%""> <p class=""title-product"">
Huesos de Añojo Carrefour 450 g aprox </p>"
,,,,,,
Solomillo de Vacuno Carrefour 500 g,"Bandeja de 500.0 g. aprox |
22,90 €/kg","11,45 €",,"12,95 €",https://static.carrefour.es/hd_280x_/supermercado/bcc_static/catalogImages/product/763475/763475.jpg,"<img aria-describedby=""product-867800666"" alt=""Solomillo de Vacuno Carrefour 500 g"" src=""https://static.carrefour.es/hd_280x_/supermercado/bcc_static/catalogImages/product/763475/763475.jpg"" srcset=""https://static.carrefour.es/hd_560x_/supermercado/bcc_static/catalogImages/product/763475/763475.jpg"" width=""100%""> <p class=""title-product"">
Solomillo de Vacuno Carrefour 500 g</p>"
Chuletón de Vacuno Carrefour Especial para la Piedra 600 g,"Bandeja de 600.0 g. aprox |
14,90 €/kg",,"8,94 €",,https://static.carrefour.es/hd_280x_/supermercado/bcc_static/catalogImages/product/660737/660737.jpg,"<img aria-describedby=""product-617701599"" alt=""Chuletón de Vacuno Carrefour Especial para la Piedra 600 g"" src=""https://static.carrefour.es/hd_280x_/supermercado/bcc_static/catalogImages/product/660737/660737.jpg"" srcset=""https://static.carrefour.es/hd_560x_/supermercado/bcc_static/catalogImages/product/660737/660737.jpg"" width=""100%""> <p class=""title-product"">
Chuletón de Vacuno Carrefour Especial para la Piedra 600 g</p>"
Rabo de Vacuno Carrefour 500 g aprox,"Bandeja de 500.0 g. aprox |
8,40 €/kg","4,20 €",,"4,97 €",https://static.carrefour.es/hd_280x_/supermercado/bcc_static/catalogImages/product/765596/765596.jpg,"<img aria-describedby=""product-836658289"" alt=""Rabo de Vacuno Carrefour 500 g aprox"" src=""https://static.carrefour.es/hd_280x_/supermercado/bcc_static/catalogImages/product/765596/765596.jpg"" srcset=""https://static.carrefour.es/hd_560x_/supermercado/bcc_static/catalogImages/product/765596/765596.jpg"" width=""100%""> <p class=""title-product"">
Rabo de Vacuno Carrefour 500 g aprox</p>"
Morcillo de Vacuno Carrefour 500 g,"Pieza de 500.0 g. aprox |
7,90 €/kg",,"3,95 €",,https://static.carrefour.es/hd_280x_/supermercado/bcc_static/catalogImages/product/765595/765595.jpg,"<img aria-describedby=""product-864802443"" alt=""Morcillo de Vacuno Carrefour 500 g"" src=""https://static.carrefour.es/hd_280x_/supermercado/bcc_static/catalogImages/product/765595/765595.jpg"" srcset=""https://static.carrefour.es/hd_560x_/supermercado/bcc_static/catalogImages/product/765595/765595.jpg"" width=""100%""> <p class=""title-product"">
Morcillo de Vacuno Carrefour 500 g</p>"
Estofado de Vacuno Carrefour 450 g,"Bandeja de  450.0 g. aprox |
7,60 €/kg",,"3,42 €",,https://static.carrefour.es/hd_280x_/supermercado/bcc_static/catalogImages/product/606249/606249.jpg,"<img aria-describedby=""product-521032436"" alt=""Estofado de Vacuno Carrefour 450 g"" src=""https://static.carrefour.es/hd_280x_/supermercado/bcc_static/catalogImages/product/606249/606249.jpg"" srcset=""https://static.carrefour.es/hd_560x_/supermercado/bcc_static/catalogImages/product/606249/606249.jpg"" width=""100%""> <p class=""title-product"">
Estofado de Vacuno Carrefour 450 g</p>"
Solomillo de Añojo Carrefour Calidad y Origen 500 g,"Bandeja de  500.0 g. aprox |
29,90 €/kg",,"14,95 €",,https://static.carrefour.es/hd_280x_/supermercado/bcc_static/catalogImages/product/842676/842676.jpg,"<img aria-describedby=""product-prod840074"" alt=""Solomillo de Añojo Carrefour Calidad y Origen 500 g"" src=""https://static.carrefour.es/hd_280x_/supermercado/bcc_static/catalogImages/product/842676/842676.jpg"" srcset=""https://static.carrefour.es/hd_560x_/supermercado/bcc_static/catalogImages/product/842676/842676.jpg"" width=""100%""> <p class=""title-product"">
Solomillo de Añojo Carrefour Calidad y Origen 500 g</p>"
Filetes 1ª A Tapa o Contra de Añojo Carrefour Calidad y Origen 300 g aprox,"Envase de 300.0 g. aprox |
10,20 €/kg",,"3,06 €",,https://static.carrefour.es/hd_280x_/supermercado/bcc_static/catalogImages/product/126666/126666.jpg,"<img aria-describedby=""product-prod1070084"" alt=""Filetes 1ª A Tapa o Contra de Añojo Carrefour Calidad y Origen 300 g aprox"" src=""https://static.carrefour.es/hd_280x_/supermercado/bcc_static/catalogImages/product/126666/126666.jpg"" srcset=""https://static.carrefour.es/hd_560x_/supermercado/bcc_static/catalogImages/product/126666/126666.jpg"" width=""100%""> <p class=""title-product"">
Filetes 1ª A Tapa o Contra de Añojo Carrefour Calidad y Origen 300 g aprox</p>"
Filete 1ªA de Ternera Blanca Lechal Carrefour 500 g,"Bandeja de  500.0 g. aprox |
14,90 €/kg",,"7,45 €",,https://static.carrefour.es/hd_280x_/supermercado/bcc_static/catalogImages/product/145258/145258.jpg,"<img aria-describedby=""product-521032408"" alt=""Filete 1ªA de Ternera Blanca Lechal Carrefour 500 g "" src=""https://static.carrefour.es/hd_280x_/supermercado/bcc_static/catalogImages/product/145258/145258.jpg"" srcset=""https://static.carrefour.es/hd_560x_/supermercado/bcc_static/catalogImages/product/145258/145258.jpg"" width=""100%""> <p class=""title-product"">
Filete 1ªA de Ternera Blanca Lechal Carrefour 500 g </p>"
Morcillo de Vacuno Troceado Carrefour 500 g,"Bandeja de  500.0 g. aprox |
7,90 €/kg",,"3,95 €",,https://static.carrefour.es/hd_280x_/supermercado/bcc_static/catalogImages/product/149068/149068.jpg,"<img aria-describedby=""product-521032434"" alt=""Morcillo de Vacuno Troceado Carrefour 500 g"" src=""https://static.carrefour.es/hd_280x_/supermercado/bcc_static/catalogImages/product/149068/149068.jpg"" srcset=""https://static.carrefour.es/hd_560x_/supermercado/bcc_static/catalogImages/product/149068/149068.jpg"" width=""100%""> <p class=""title-product"">
Morcillo de Vacuno Troceado Carrefour 500 g</p>"
Entrecot de Vaca Exremeña El Encinar de Humienta 400 g,"Envase de 400.0 g. aprox |
17,90 €/kg",,"7,16 €",,https://static.carrefour.es/hd_280x_/supermercado/bcc_static/catalogImages/product/955744/955744.jpg,"<img aria-describedby=""product-826005259"" alt=""Entrecot de Vaca Exremeña El Encinar de Humienta 400 g"" src=""https://static.carrefour.es/hd_280x_/supermercado/bcc_static/catalogImages/product/955744/955744.jpg"" srcset=""https://static.carrefour.es/hd_560x_/supermercado/bcc_static/catalogImages/product/955744/955744.jpg"" width=""100%""> <p class=""title-product"">
Entrecot de Vaca Exremeña El Encinar de Humienta 400 g</p>"
Entraña de Vacuno Carrefour 500 g,"Bandeja de 500.0 g. aprox |
6,20 €/kg",,"3,10 €",,https://static.carrefour.es/hd_280x_/supermercado/bcc_static/catalogImages/product/090905/090905.jpg,"<img aria-describedby=""product-856500521"" alt=""Entraña de Vacuno Carrefour 500 g"" src=""https://static.carrefour.es/hd_280x_/supermercado/bcc_static/catalogImages/product/090905/090905.jpg"" srcset=""https://static.carrefour.es/hd_560x_/supermercado/bcc_static/catalogImages/product/090905/090905.jpg"" width=""100%""> <p class=""title-product"">
Entraña de Vacuno Carrefour 500 g</p>"
Filetes 1ª A Cadera o Babilla de Añojo Carrefour Calidad y Origen 300 g aprox,"Envase de 300.0 g. aprox |
11,40 €/kg",,"3,42 €",,https://static.carrefour.es/hd_280x_/supermercado/bcc_static/catalogImages/product/126608/126608.jpg,"<img aria-describedby=""product-prod1070081"" alt=""Filetes 1ª A Cadera o Babilla de Añojo Carrefour Calidad y Origen 300 g aprox"" src=""https://static.carrefour.es/hd_280x_/supermercado/bcc_static/catalogImages/product/126608/126608.jpg"" srcset=""https://static.carrefour.es/hd_560x_/supermercado/bcc_static/catalogImages/product/126608/126608.jpg"" width=""100%""> <p class=""title-product"">
Filetes 1ª A Cadera o Babilla de Añojo Carrefour Calidad y Origen 300 g aprox</p>"
Rabo de Vacuno Carrefour 1000 g aprox,"Bandeja de 1000.0 g. aprox |
8,40 €/kg","8,40 €",,"9,95 €",https://static.carrefour.es/hd_280x_/supermercado/bcc_static/catalogImages/product/763639/763639.jpg,"<img aria-describedby=""product-795189166"" alt=""Rabo de Vacuno Carrefour 1000 g aprox"" src=""https://static.carrefour.es/hd_280x_/supermercado/bcc_static/catalogImages/product/763639/763639.jpg"" srcset=""https://static.carrefour.es/hd_560x_/supermercado/bcc_static/catalogImages/product/763639/763639.jpg"" width=""100%""> <p class=""title-product"">
Rabo de Vacuno Carrefour 1000 g aprox</p>"
Filete de añojo 1ªA ecológico Carrefour Bio 500 g aprox,"Envase de  500.0 g. aprox |
14,99 €/kg",,"7,49 €",,https://static.carrefour.es/hd_280x_/supermercado/bcc_static/catalogImages/product/126470/126470.jpg,"<img aria-describedby=""product-prod1070057"" alt=""Filete de añojo 1ªA ecológico Carrefour Bio 500 g aprox"" src=""https://static.carrefour.es/hd_280x_/supermercado/bcc_static/catalogImages/product/126470/126470.jpg"" srcset=""https://static.carrefour.es/hd_560x_/supermercado/bcc_static/catalogImages/product/126470/126470.jpg"" width=""100%""> <p class=""title-product"">
Filete de añojo 1ªA ecológico Carrefour Bio 500 g aprox</p>"
Entrecot de vacuno a la piedra 1 Kg aprox,"1 Kg aprox 1000.0 g. aprox |
14,90 €/kg",,"14,90 €",,https://static.carrefour.es/hd_280x_/supermercado/bcc_static/catalogImages/product/850424/850424.jpg,"<img aria-describedby=""product-prod710165"" alt=""Entrecot de vacuno a la piedra 1 Kg aprox"" src=""https://static.carrefour.es/hd_280x_/supermercado/bcc_static/catalogImages/product/850424/850424.jpg"" srcset=""https://static.carrefour.es/hd_560x_/supermercado/bcc_static/catalogImages/product/850424/850424.jpg"" width=""100%""> <p class=""title-product"">
Entrecot de vacuno a la piedra 1 Kg aprox</p>"
Churrasco de Añojo Carrefour Calidad y Origen 300 g aprox,"Envase de 300.0 g. aprox |
6,90 €/kg",,"2,07 €",,https://static.carrefour.es/hd_280x_/supermercado/bcc_static/catalogImages/product/126590/126590.jpg,"<img aria-describedby=""product-prod1070043"" alt=""Churrasco de Añojo Carrefour Calidad y Origen 300 g aprox"" src=""https://static.carrefour.es/hd_280x_/supermercado/bcc_static/catalogImages/product/126590/126590.jpg"" srcset=""https://static.carrefour.es/hd_560x_/supermercado/bcc_static/catalogImages/product/126590/126590.jpg"" width=""100%""> <p class=""title-product"">
Churrasco de Añojo Carrefour Calidad y Origen 300 g aprox</p>"
Picanha de Vacuno Carrefour 1000 g.,"Bandeja de  1000.0 g. aprox |
10,90 €/kg",,"10,90 €",,https://static.carrefour.es/hd_280x_/supermercado/bcc_static/catalogImages/product/090985/090985.jpg,"<img aria-describedby=""product-856500537"" alt=""Picanha de Vacuno Carrefour 1000 g."" src=""https://static.carrefour.es/hd_280x_/supermercado/bcc_static/catalogImages/product/090985/090985.jpg"" srcset=""https://static.carrefour.es/hd_560x_/supermercado/bcc_static/catalogImages/product/090985/090985.jpg"" width=""100%""> <p class=""title-product"">
Picanha de Vacuno Carrefour 1000 g.</p>"
Escalopines de Añojo Carrefour Calidad y Origen 300 g aprox,"Envase de 300.0 g. aprox |
9,80 €/kg",,"2,94 €",,https://static.carrefour.es/hd_280x_/supermercado/bcc_static/catalogImages/product/126708/126708.jpg,"<img aria-describedby=""product-prod1070065"" alt=""Escalopines de Añojo Carrefour Calidad y Origen 300 g aprox"" src=""https://static.carrefour.es/hd_280x_/supermercado/bcc_static/catalogImages/product/126708/126708.jpg"" srcset=""https://static.carrefour.es/hd_560x_/supermercado/bcc_static/catalogImages/product/126708/126708.jpg"" width=""100%""> <p class=""title-product"">
Escalopines de Añojo Carrefour Calidad y Origen 300 g aprox</p>"
Morcillo de Añojo Carrefour Calidad y Origen 300 g aprox,"Envase de 300.0 g. aprox |
9,90 €/kg",,"2,97 €",,https://static.carrefour.es/hd_280x_/supermercado/bcc_static/catalogImages/product/126605/126605.jpg,"<img aria-describedby=""product-prod1070079"" alt=""Morcillo de Añojo Carrefour Calidad y Origen 300 g aprox"" src=""https://static.carrefour.es/hd_280x_/supermercado/bcc_static/catalogImages/product/126605/126605.jpg"" srcset=""https://static.carrefour.es/hd_560x_/supermercado/bcc_static/catalogImages/product/126605/126605.jpg"" width=""100%""> <p class=""title-product"">
Morcillo de Añojo Carrefour Calidad y Origen 300 g aprox</p>"
Filete 1ª vacuno El Encinar de Humienta 300 g aprox,"Bandeja de 300.0 g. aprox |
7,95 €/kg","2,38 €",,"2,94 €",https://static.carrefour.es/hd_280x_/supermercado/bcc_static/catalogImages/product/126529/126529.jpg,"<img aria-describedby=""product-fprod1260137"" alt=""Filete 1ª vacuno El Encinar de Humienta 300 g aprox"" src=""https://static.carrefour.es/hd_280x_/supermercado/bcc_static/catalogImages/product/126529/126529.jpg"" srcset=""https://static.carrefour.es/hd_560x_/supermercado/bcc_static/catalogImages/product/126529/126529.jpg"" width=""100%""> <p class=""title-product"">
Filete 1ª vacuno El Encinar de Humienta 300 g aprox</p>"
Solomillo de añojo ecológico Carrefour Bio 300 g aprox,"Envase de  300.0 g. aprox |
38,90 €/kg",,"11,67 €",,https://static.carrefour.es/hd_280x_/supermercado/bcc_static/catalogImages/product/126449/126449.jpg,"<img aria-describedby=""product-prod1070051"" alt=""Solomillo de añojo ecológico Carrefour Bio 300 g aprox"" src=""https://static.carrefour.es/hd_280x_/supermercado/bcc_static/catalogImages/product/126449/126449.jpg"" srcset=""https://static.carrefour.es/hd_560x_/supermercado/bcc_static/catalogImages/product/126449/126449.jpg"" width=""100%""> <p class=""title-product"">
Solomillo de añojo ecológico Carrefour Bio 300 g aprox</p>"
Costillas de carne de Guadarrama Carrefour 500 g,"Bandeja de 500.0 g. aprox |
7,90 €/kg",,"3,95 €",,https://static.carrefour.es/hd_280x_/supermercado/bcc_static/catalogImages/product/694765/694765.jpg,"<img aria-describedby=""product-prod273852"" alt=""Costillas de carne de Guadarrama Carrefour 500 g"" src=""https://static.carrefour.es/hd_280x_/supermercado/bcc_static/catalogImages/product/694765/694765.jpg"" srcset=""https://static.carrefour.es/hd_560x_/supermercado/bcc_static/catalogImages/product/694765/694765.jpg"" width=""100%""> <p class=""title-product"">
Costillas de carne de Guadarrama Carrefour 500 g</p>"
Filetes 1ªB carne de Guadarrama Carrefour 350 g,"Bandeja de  350.0 g. aprox |
10,90 €/kg",,"3,81 €",,https://static.carrefour.es/hd_280x_/supermercado/bcc_static/catalogImages/product/694752/694752.jpg,"<img aria-describedby=""product-prod250520"" alt=""Filetes 1ªB carne de Guadarrama Carrefour 350 g"" src=""https://static.carrefour.es/hd_280x_/supermercado/bcc_static/catalogImages/product/694752/694752.jpg"" srcset=""https://static.carrefour.es/hd_560x_/supermercado/bcc_static/catalogImages/product/694752/694752.jpg"" width=""100%""> <p class=""title-product"">
Filetes 1ªB carne de Guadarrama Carrefour 350 g</p>"
Filete 1ªA Vacuno Carrefour 500 g,"Bandeja de 500.0 g. aprox |
9,80 €/kg",,"4,90 €",,https://static.carrefour.es/hd_280x_/supermercado/bcc_static/catalogImages/product/145254/145254.jpg,"<img aria-describedby=""product-521032422"" alt=""Filete 1ªA Vacuno Carrefour 500 g"" src=""https://static.carrefour.es/hd_280x_/supermercado/bcc_static/catalogImages/product/145254/145254.jpg"" srcset=""https://static.carrefour.es/hd_560x_/supermercado/bcc_static/catalogImages/product/145254/145254.jpg"" width=""100%""> <p class=""title-product"">
Filete 1ªA Vacuno Carrefour 500 g</p>"
,,,,,,
Lomo de Ternera Blanca Carrefour 500 g,"Pieza de 500.0 g. aprox |
21,50 €/kg",,"10,75 €",,https://static.carrefour.es/hd_280x_/supermercado/bcc_static/catalogImages/product/145260/145260.jpg,"<img aria-describedby=""product-609202718"" alt=""Lomo de Ternera Blanca Carrefour 500 g"" src=""https://static.carrefour.es/hd_280x_/supermercado/bcc_static/catalogImages/product/145260/145260.jpg"" srcset=""https://static.carrefour.es/hd_560x_/supermercado/bcc_static/catalogImages/product/145260/145260.jpg"" width=""100%""> <p class=""title-product"">
Lomo de Ternera Blanca Carrefour 500 g</p>"
Entrecot de Añojo Carrefour Calidad y Origen 300 g aprox,"Envase de 300.0 g. aprox |
13,60 €/kg","4,08 €",,"4,27 €",https://static.carrefour.es/hd_280x_/supermercado/bcc_static/catalogImages/product/126668/126668.jpg,"<img aria-describedby=""product-prod1070085"" alt=""Entrecot de Añojo Carrefour Calidad y Origen 300 g aprox"" src=""https://static.carrefour.es/hd_280x_/supermercado/bcc_static/catalogImages/product/126668/126668.jpg"" srcset=""https://static.carrefour.es/hd_560x_/supermercado/bcc_static/catalogImages/product/126668/126668.jpg"" width=""100%""> <p class=""title-product"">
Entrecot de Añojo Carrefour Calidad y Origen 300 g aprox</p>"
Solomillo de carne de Guadarrama Carrefour 500 g,"Bandeja de 500.0 g. aprox |
29,90 €/kg",,"14,95 €",,https://static.carrefour.es/hd_280x_/supermercado/bcc_static/catalogImages/product/296317/296317.jpg,"<img aria-describedby=""product-607902146"" alt=""Solomillo de carne de Guadarrama Carrefour 500 g"" src=""https://static.carrefour.es/hd_280x_/supermercado/bcc_static/catalogImages/product/296317/296317.jpg"" srcset=""https://static.carrefour.es/hd_560x_/supermercado/bcc_static/catalogImages/product/296317/296317.jpg"" width=""100%""> <p class=""title-product"">
Solomillo de carne de Guadarrama Carrefour 500 g</p>"
Picanha de Vacuno Carrefour 500 g.,"Bandeja de 500.0 g. aprox |
10,90 €/kg",,"5,45 €",,https://static.carrefour.es/hd_280x_/supermercado/bcc_static/catalogImages/product/106025/106025.jpg,"<img aria-describedby=""product-prod61785"" alt=""Picanha de Vacuno Carrefour 500 g."" src=""https://static.carrefour.es/hd_280x_/supermercado/bcc_static/catalogImages/product/106025/106025.jpg"" srcset=""https://static.carrefour.es/hd_560x_/supermercado/bcc_static/catalogImages/product/106025/106025.jpg"" width=""100%""> <p class=""title-product"">
Picanha de Vacuno Carrefour 500 g.</p>"
Ossobuco de Añojo Carrefour Calidad y Origen 300 g aprox,"Envase de 300.0 g. aprox |
7,90 €/kg",,"2,37 €",,https://static.carrefour.es/hd_280x_/supermercado/bcc_static/catalogImages/product/126612/126612.jpg,"<img aria-describedby=""product-prod1070075"" alt=""Ossobuco de Añojo Carrefour Calidad y Origen 300 g aprox"" src=""https://static.carrefour.es/hd_280x_/supermercado/bcc_static/catalogImages/product/126612/126612.jpg"" srcset=""https://static.carrefour.es/hd_560x_/supermercado/bcc_static/catalogImages/product/126612/126612.jpg"" width=""100%""> <p class=""title-product"">
Ossobuco de Añojo Carrefour Calidad y Origen 300 g aprox</p>"
Entrecot de carne de Guadarrama Carrefour 500 g,"Bandeja de 500.0 g. aprox |
16,90 €/kg",,"8,45 €",,https://static.carrefour.es/hd_280x_/supermercado/bcc_static/catalogImages/product/296328/296328.jpg,"<img aria-describedby=""product-607902150"" alt=""Entrecot de carne de Guadarrama Carrefour 500 g"" src=""https://static.carrefour.es/hd_280x_/supermercado/bcc_static/catalogImages/product/296328/296328.jpg"" srcset=""https://static.carrefour.es/hd_560x_/supermercado/bcc_static/catalogImages/product/296328/296328.jpg"" width=""100%""> <p class=""title-product"">
Entrecot de carne de Guadarrama Carrefour 500 g</p>"
Vacío de Vacuno Carrefour 1000 g,"Envase de 1000.0 g. aprox |
10,90 €/kg",,"10,90 €",,https://static.carrefour.es/hd_280x_/supermercado/bcc_static/catalogImages/product/091027/091027.jpg,"<img aria-describedby=""product-856500541"" alt=""Vacío de Vacuno Carrefour 1000 g"" src=""https://static.carrefour.es/hd_280x_/supermercado/bcc_static/catalogImages/product/091027/091027.jpg"" srcset=""https://static.carrefour.es/hd_560x_/supermercado/bcc_static/catalogImages/product/091027/091027.jpg"" width=""100%""> <p class=""title-product"">
Vacío de Vacuno Carrefour 1000 g</p>"
Entraña de Vacuno Carrefour 500 g,"500 gr. aprox. 500.0 g. aprox |
8,90 €/kg",,"4,45 €",,https://static.carrefour.es/hd_280x_/supermercado/bcc_static/catalogImages/product/105954/105954.jpg,"<img aria-describedby=""product-prod74168"" alt=""Entraña de Vacuno Carrefour 500 g"" src=""https://static.carrefour.es/hd_280x_/supermercado/bcc_static/catalogImages/product/105954/105954.jpg"" srcset=""https://static.carrefour.es/hd_560x_/supermercado/bcc_static/catalogImages/product/105954/105954.jpg"" width=""100%""> <p class=""title-product"">
Entraña de Vacuno Carrefour 500 g</p>"
Costillas de carne de Guadarrama Carrefour 1000 g,"Bandeja de 1000.0 g. aprox |
7,90 €/kg",,"7,90 €",,https://static.carrefour.es/hd_280x_/supermercado/bcc_static/catalogImages/product/296313/296313.jpg,"<img aria-describedby=""product-prod300048"" alt=""Costillas de carne de Guadarrama Carrefour 1000 g"" src=""https://static.carrefour.es/hd_280x_/supermercado/bcc_static/catalogImages/product/296313/296313.jpg"" srcset=""https://static.carrefour.es/hd_560x_/supermercado/bcc_static/catalogImages/product/296313/296313.jpg"" width=""100%""> <p class=""title-product"">
Costillas de carne de Guadarrama Carrefour 1000 g</p>"
Entrecot de añojo ecológico Carrefour Bio 500 g aprox,"Envase de  500.0 g. aprox |
19,99 €/kg",,"9,99 €",,https://static.carrefour.es/hd_280x_/supermercado/bcc_static/catalogImages/product/126469/126469.jpg,"<img aria-describedby=""product-prod1070056"" alt=""Entrecot de añojo ecológico Carrefour Bio 500 g aprox"" src=""https://static.carrefour.es/hd_280x_/supermercado/bcc_static/catalogImages/product/126469/126469.jpg"" srcset=""https://static.carrefour.es/hd_560x_/supermercado/bcc_static/catalogImages/product/126469/126469.jpg"" width=""100%""> <p class=""title-product"">
Entrecot de añojo ecológico Carrefour Bio 500 g aprox</p>"
Picaña/Tapilla de Añojo Carrefour Calidad y Origen 300 g aprox,"Envase de 300.0 g. aprox |
12,90 €/kg",,"3,87 €",,https://static.carrefour.es/hd_280x_/supermercado/bcc_static/catalogImages/product/126709/126709.jpg,"<img aria-describedby=""product-prod1070066"" alt=""Picaña/Tapilla de Añojo Carrefour Calidad y Origen 300 g aprox"" src=""https://static.carrefour.es/hd_280x_/supermercado/bcc_static/catalogImages/product/126709/126709.jpg"" srcset=""https://static.carrefour.es/hd_560x_/supermercado/bcc_static/catalogImages/product/126709/126709.jpg"" width=""100%""> <p class=""title-product"">
Picaña/Tapilla de Añojo Carrefour Calidad y Origen 300 g aprox</p>"
Filete Tierno de Carne de Wagyu Santa Rosalia Gourmet 250 g,"Bandeja de |
34,00 €/kg",,"8,50 €",,https://static.carrefour.es/hd_280x_/supermercado/bcc_static/catalogImages/product/884789/884789.jpg,"<img aria-describedby=""product-867510271"" alt=""Filete Tierno de Carne de Wagyu Santa Rosalia Gourmet 250 g"" src=""https://static.carrefour.es/hd_280x_/supermercado/bcc_static/catalogImages/product/884789/884789.jpg"" srcset=""https://static.carrefour.es/hd_560x_/supermercado/bcc_static/catalogImages/product/884789/884789.jpg"" width=""100%""> <p class=""title-product"">
Filete Tierno de Carne de Wagyu Santa Rosalia Gourmet 250 g</p>"
Entrecot madurado 21 días min vaca raza rubia gallega El Encinar de Humienta 500 g,"Bandeja de  500.0 g. aprox |
19,90 €/kg",,"9,95 €",,https://static.carrefour.es/hd_280x_/supermercado/bcc_static/catalogImages/product/955738/955738.jpg,"<img aria-describedby=""product-prod63771"" alt=""Entrecot madurado 21 días min vaca raza rubia gallega El Encinar de Humienta 500 g"" src=""https://static.carrefour.es/hd_280x_/supermercado/bcc_static/catalogImages/product/955738/955738.jpg"" srcset=""https://static.carrefour.es/hd_560x_/supermercado/bcc_static/catalogImages/product/955738/955738.jpg"" width=""100%""> <p class=""title-product"">
Entrecot madurado 21 días min vaca raza rubia gallega El Encinar de Humienta 500 g</p>"
Lomo de Vacuno Trozo El Encinar de Humienta 1.100 g,"Pieza de  1100.0 g. aprox |
13,95 €/kg",,"15,34 €",,https://static.carrefour.es/hd_280x_/supermercado/bcc_static/catalogImages/product/977806/977806.jpg,"<img aria-describedby=""product-prod68548"" alt=""Lomo de Vacuno Trozo El Encinar de Humienta 1.100 g "" src=""https://static.carrefour.es/hd_280x_/supermercado/bcc_static/catalogImages/product/977806/977806.jpg"" srcset=""https://static.carrefour.es/hd_560x_/supermercado/bcc_static/catalogImages/product/977806/977806.jpg"" width=""100%""> <p class=""title-product"">
Lomo de Vacuno Trozo El Encinar de Humienta 1.100 g </p>"
Cañón de añojo Carrefour Calidad y Origen 500 g aprox,"500 g aprox 500.0 g. aprox |
7,90 €/kg",,"3,95 €",,https://static.carrefour.es/hd_280x_/supermercado/bcc_static/catalogImages/product/842656/842656.jpg,"<img aria-describedby=""product-prod840017"" alt=""Cañón de añojo Carrefour Calidad y Origen 500 g aprox"" src=""https://static.carrefour.es/hd_280x_/supermercado/bcc_static/catalogImages/product/842656/842656.jpg"" srcset=""https://static.carrefour.es/hd_560x_/supermercado/bcc_static/catalogImages/product/842656/842656.jpg"" width=""100%""> <p class=""title-product"">
Cañón de añojo Carrefour Calidad y Origen 500 g aprox</p>"
Lomo de carne de Guadarrama Carrefour 500 g,"Bandeja de 500.0 g. aprox |
16,90 €/kg",,"8,45 €",,https://static.carrefour.es/hd_280x_/supermercado/bcc_static/catalogImages/product/694803/694803.jpg,"<img aria-describedby=""product-prod211047"" alt=""Lomo de carne de Guadarrama Carrefour 500 g"" src=""https://static.carrefour.es/hd_280x_/supermercado/bcc_static/catalogImages/product/694803/694803.jpg"" srcset=""https://static.carrefour.es/hd_560x_/supermercado/bcc_static/catalogImages/product/694803/694803.jpg"" width=""100%""> <p class=""title-product"">
Lomo de carne de Guadarrama Carrefour 500 g</p>"
Entrecot de Ternera Blanca Carrefour 500 g,"Bandeja de 500.0 g. aprox |
21,50 €/kg",,"10,75 €",,https://static.carrefour.es/hd_280x_/supermercado/bcc_static/catalogImages/product/035593/035593.jpg,"<img aria-describedby=""product-521032406"" alt=""Entrecot de Ternera Blanca Carrefour 500 g"" src=""https://static.carrefour.es/hd_280x_/supermercado/bcc_static/catalogImages/product/035593/035593.jpg"" srcset=""https://static.carrefour.es/hd_560x_/supermercado/bcc_static/catalogImages/product/035593/035593.jpg"" width=""100%""> <p class=""title-product"">
Entrecot de Ternera Blanca Carrefour 500 g</p>"
Filetes 1ªB carne de Guadarrama Carrefour 500 g,"Bandeja de 500.0 g. aprox |
10,90 €/kg",,"5,45 €",,https://static.carrefour.es/hd_280x_/supermercado/bcc_static/catalogImages/product/296309/296309.jpg,"<img aria-describedby=""product-607902142"" alt=""Filetes 1ªB carne de Guadarrama Carrefour 500 g"" src=""https://static.carrefour.es/hd_280x_/supermercado/bcc_static/catalogImages/product/296309/296309.jpg"" srcset=""https://static.carrefour.es/hd_560x_/supermercado/bcc_static/catalogImages/product/296309/296309.jpg"" width=""100%""> <p class=""title-product"">
Filetes 1ªB carne de Guadarrama Carrefour 500 g</p>"
Entrecot Lomo de Vacuno Carrefour 500 g,"Bandeja de 500.0 g. aprox |
14,90 €/kg",,"7,45 €",,https://static.carrefour.es/hd_280x_/supermercado/bcc_static/catalogImages/product/606253/606253.jpg,"<img aria-describedby=""product-521032412"" alt=""Entrecot Lomo de Vacuno Carrefour 500 g"" src=""https://static.carrefour.es/hd_280x_/supermercado/bcc_static/catalogImages/product/606253/606253.jpg"" srcset=""https://static.carrefour.es/hd_560x_/supermercado/bcc_static/catalogImages/product/606253/606253.jpg"" width=""100%""> <p class=""title-product"">
Entrecot Lomo de Vacuno Carrefour 500 g</p>"
Lomo madurado de vaca 21 días min Extremadura 1 Kg aprox,"Envase de 1000.0 g. aprox |
18,90 €/kg",,"18,90 €",,https://static.carrefour.es/hd_280x_/supermercado/bcc_static/catalogImages/product/765439/765439.jpg,"<img aria-describedby=""product-prod840493"" alt=""Lomo madurado de vaca 21 días min Extremadura 1 Kg aprox"" src=""https://static.carrefour.es/hd_280x_/supermercado/bcc_static/catalogImages/product/765439/765439.jpg"" srcset=""https://static.carrefour.es/hd_560x_/supermercado/bcc_static/catalogImages/product/765439/765439.jpg"" width=""100%""> <p class=""title-product"">
Lomo madurado de vaca 21 días min Extremadura 1 Kg aprox</p>"
"Redondo de añojo Carrefour Calidad y Origen limpio entero sin corte 3,5 Kg aprox","Pieza de 3500.0 g. aprox |
9,90 €/kg",,"34,65 €",,https://static.carrefour.es/hd_280x_/supermercado/bcc_static/catalogImages/product/318897/318897.jpg,"<img aria-describedby=""product-fprod1260130"" alt=""Redondo de añojo Carrefour Calidad y Origen limpio entero sin corte 3,5 Kg aprox"" src=""https://static.carrefour.es/hd_280x_/supermercado/bcc_static/catalogImages/product/318897/318897.jpg"" srcset=""https://static.carrefour.es/hd_560x_/supermercado/bcc_static/catalogImages/product/318897/318897.jpg"" width=""100%""> <p class=""title-product"">
Redondo de añojo Carrefour Calidad y Origen limpio entero sin corte 3,5 Kg aprox</p>"
Escalopín 1ªB Vacuno Carrefour 500 g,"Bandeja de  500.0 g. aprox |
8,70 €/kg",,"4,35 €",,https://static.carrefour.es/hd_280x_/supermercado/bcc_static/catalogImages/product/606248/606248.jpg,"<img aria-describedby=""product-521035421"" alt=""Escalopín 1ªB Vacuno Carrefour 500 g "" src=""https://static.carrefour.es/hd_280x_/supermercado/bcc_static/catalogImages/product/606248/606248.jpg"" srcset=""https://static.carrefour.es/hd_560x_/supermercado/bcc_static/catalogImages/product/606248/606248.jpg"" width=""100%""> <p class=""title-product"">
Escalopín 1ªB Vacuno Carrefour 500 g </p>"
Chuleta de Añojo Carrefour Calidad y Origen 300 g aprox,"Envase de 300.0 g. aprox |
14,90 €/kg",,"4,47 €",,https://static.carrefour.es/hd_280x_/supermercado/bcc_static/catalogImages/product/126592/126592.jpg,"<img aria-describedby=""product-prod1070044"" alt=""Chuleta de Añojo Carrefour Calidad y Origen 300 g aprox"" src=""https://static.carrefour.es/hd_280x_/supermercado/bcc_static/catalogImages/product/126592/126592.jpg"" srcset=""https://static.carrefour.es/hd_560x_/supermercado/bcc_static/catalogImages/product/126592/126592.jpg"" width=""100%""> <p class=""title-product"">
Chuleta de Añojo Carrefour Calidad y Origen 300 g aprox</p>"
Chuletón de Vacuno Carrefour 500 g,"Bandeja de 500.0 g. aprox |
13,95 €/kg",,"6,97 €",,https://static.carrefour.es/hd_280x_/supermercado/bcc_static/catalogImages/product/797402/797402.jpg,"<img aria-describedby=""product-525878296"" alt=""Chuletón de Vacuno Carrefour 500 g"" src=""https://static.carrefour.es/hd_280x_/supermercado/bcc_static/catalogImages/product/797402/797402.jpg"" srcset=""https://static.carrefour.es/hd_560x_/supermercado/bcc_static/catalogImages/product/797402/797402.jpg"" width=""100%""> <p class=""title-product"">
Chuletón de Vacuno Carrefour 500 g</p>"
,,,,,,
Lenguas de vacuno Cárnicas Meca 500 g aprox,"Envase de 500.0 g. aprox |
8,65 €/kg",,"4,32 €",,https://static.carrefour.es/hd_280x_/supermercado/bcc_static/catalogImages/product/887484/887484.jpg,"<img aria-describedby=""product-prod840161"" alt=""Lenguas de vacuno Cárnicas Meca 500 g aprox"" src=""https://static.carrefour.es/hd_280x_/supermercado/bcc_static/catalogImages/product/887484/887484.jpg"" srcset=""https://static.carrefour.es/hd_560x_/supermercado/bcc_static/catalogImages/product/887484/887484.jpg"" width=""100%""> <p class=""title-product"">
Lenguas de vacuno Cárnicas Meca 500 g aprox</p>"
Solomillo de añojo Carrefour Calidad y Origen 500 g aprox,"500 g aprox 500.0 g. aprox |
29,90 €/kg",,"14,95 €",,https://static.carrefour.es/hd_280x_/supermercado/bcc_static/catalogImages/product/842677/842677.jpg,"<img aria-describedby=""product-prod840086"" alt=""Solomillo de añojo Carrefour Calidad y Origen 500 g aprox"" src=""https://static.carrefour.es/hd_280x_/supermercado/bcc_static/catalogImages/product/842677/842677.jpg"" srcset=""https://static.carrefour.es/hd_560x_/supermercado/bcc_static/catalogImages/product/842677/842677.jpg"" width=""100%""> <p class=""title-product"">
Solomillo de añojo Carrefour Calidad y Origen 500 g aprox</p>"
"Tapilla/Picaña de añojo Carrefour Calidad y Origen limpia entera sin corte 3,5 Kg aprox","Pieza de 3500.0 g. aprox |
9,90 €/kg",,"34,65 €",,https://static.carrefour.es/hd_280x_/supermercado/bcc_static/catalogImages/product/318912/318912.jpg,"<img aria-describedby=""product-fprod1260091"" alt=""Tapilla/Picaña de añojo Carrefour Calidad y Origen limpia entera sin corte 3,5 Kg aprox"" src=""https://static.carrefour.es/hd_280x_/supermercado/bcc_static/catalogImages/product/318912/318912.jpg"" srcset=""https://static.carrefour.es/hd_560x_/supermercado/bcc_static/catalogImages/product/318912/318912.jpg"" width=""100%""> <p class=""title-product"">
Tapilla/Picaña de añojo Carrefour Calidad y Origen limpia entera sin corte 3,5 Kg aprox</p>"
Filetes de Cañon de Añojo Carrefour Calidad y Origen 300 g aprox,"Envase de 300.0 g. aprox |
9,90 €/kg",,"2,97 €",,https://static.carrefour.es/hd_280x_/supermercado/bcc_static/catalogImages/product/126663/126663.jpg,"<img aria-describedby=""product-prod1070082"" alt=""Filetes de Cañon de Añojo Carrefour Calidad y Origen 300 g aprox"" src=""https://static.carrefour.es/hd_280x_/supermercado/bcc_static/catalogImages/product/126663/126663.jpg"" srcset=""https://static.carrefour.es/hd_560x_/supermercado/bcc_static/catalogImages/product/126663/126663.jpg"" width=""100%""> <p class=""title-product"">
Filetes de Cañon de Añojo Carrefour Calidad y Origen 300 g aprox</p>"
Pastrami vacuno con salsa Santiamen 100 g,"100 g |
42,50 €/kg",,"4,25 €",,https://static.carrefour.es/hd_280x_/supermercado/bcc_static/catalogImages/product/126441/126441.jpg,"<img aria-describedby=""product-prod1120319"" alt=""Pastrami vacuno con salsa Santiamen 100 g"" src=""https://static.carrefour.es/hd_280x_/supermercado/bcc_static/catalogImages/product/126441/126441.jpg"" srcset=""https://static.carrefour.es/hd_560x_/supermercado/bcc_static/catalogImages/product/126441/126441.jpg"" width=""100%""> <p class=""title-product"">
Pastrami vacuno con salsa Santiamen 100 g</p>"
Vacío de Vacuno Carrefour 750 g,"Bandeja de  750.0 g. aprox |
11,90 €/kg",,"8,92 €",,https://static.carrefour.es/hd_280x_/supermercado/bcc_static/catalogImages/product/106059/106059.jpg,"<img aria-describedby=""product-prod61807"" alt=""Vacío de Vacuno Carrefour 750 g"" src=""https://static.carrefour.es/hd_280x_/supermercado/bcc_static/catalogImages/product/106059/106059.jpg"" srcset=""https://static.carrefour.es/hd_560x_/supermercado/bcc_static/catalogImages/product/106059/106059.jpg"" width=""100%""> <p class=""title-product"">
Vacío de Vacuno Carrefour 750 g</p>"
Lomo de vaca c/hueso Madurado 10 días min Origen Nacional El Encinar de Humienta 1 Kg aprox,"Bandeja de 1000.0 g. aprox |
17,90 €/kg",,"17,90 €",,https://static.carrefour.es/hd_280x_/supermercado/bcc_static/catalogImages/product/709230/709230.jpg,"<img aria-describedby=""product-738634393"" alt=""Lomo de vaca c/hueso Madurado 10 días min Origen Nacional El Encinar de Humienta 1 Kg aprox"" src=""https://static.carrefour.es/hd_280x_/supermercado/bcc_static/catalogImages/product/709230/709230.jpg"" srcset=""https://static.carrefour.es/hd_560x_/supermercado/bcc_static/catalogImages/product/709230/709230.jpg"" width=""100%""> <p class=""title-product"">
Lomo de vaca c/hueso Madurado 10 días min Origen Nacional El Encinar de Humienta 1 Kg aprox</p>"
Lomo bajo de añojo Carrefour Calidad y Origen limpio entero sin corte 6 Kg aprox,"Pieza de 6000.0 g. aprox |
13,60 €/kg","81,60 €",,"101,40 €",https://static.carrefour.es/hd_280x_/supermercado/bcc_static/catalogImages/product/318894/318894.jpg,"<img aria-describedby=""product-fprod1260132"" alt=""Lomo bajo de añojo Carrefour Calidad y Origen limpio entero sin corte 6 Kg aprox"" src=""https://static.carrefour.es/hd_280x_/supermercado/bcc_static/catalogImages/product/318894/318894.jpg"" srcset=""https://static.carrefour.es/hd_560x_/supermercado/bcc_static/catalogImages/product/318894/318894.jpg"" width=""100%""> <p class=""title-product"">
Lomo bajo de añojo Carrefour Calidad y Origen limpio entero sin corte 6 Kg aprox</p>"
Lomo alto de añojo Carrefour Calidad y Origen limpio entero sin corte 7 Kg aprox,"Pieza de 7000.0 g. aprox |
13,60 €/kg","95,20 €",,"118,30 €",https://static.carrefour.es/hd_280x_/supermercado/bcc_static/catalogImages/product/318905/318905.jpg,"<img aria-describedby=""product-fprod1260092"" alt=""Lomo alto de añojo Carrefour Calidad y Origen limpio entero sin corte 7 Kg aprox"" src=""https://static.carrefour.es/hd_280x_/supermercado/bcc_static/catalogImages/product/318905/318905.jpg"" srcset=""https://static.carrefour.es/hd_560x_/supermercado/bcc_static/catalogImages/product/318905/318905.jpg"" width=""100%""> <p class=""title-product"">
Lomo alto de añojo Carrefour Calidad y Origen limpio entero sin corte 7 Kg aprox</p>"
Albondigas vacuno con salsa clásica Santiamen 300 g,"300 g |
24,00 €/kg",,"7,20 €",,https://static.carrefour.es/hd_280x_/supermercado/bcc_static/catalogImages/product/126432/126432.jpg,"<img aria-describedby=""product-prod1120313"" alt=""Albondigas vacuno con salsa clásica Santiamen 300 g"" src=""https://static.carrefour.es/hd_280x_/supermercado/bcc_static/catalogImages/product/126432/126432.jpg"" srcset=""https://static.carrefour.es/hd_560x_/supermercado/bcc_static/catalogImages/product/126432/126432.jpg"" width=""100%""> <p class=""title-product"">
Albondigas vacuno con salsa clásica Santiamen 300 g</p>"
Steak tartar vacuno Santiamen 120 g,"120 g |
82,50 €/kg",,"9,90 €",,https://static.carrefour.es/hd_280x_/supermercado/bcc_static/catalogImages/product/126443/126443.jpg,"<img aria-describedby=""product-prod1120318"" alt=""Steak tartar vacuno Santiamen 120 g"" src=""https://static.carrefour.es/hd_280x_/supermercado/bcc_static/catalogImages/product/126443/126443.jpg"" srcset=""https://static.carrefour.es/hd_560x_/supermercado/bcc_static/catalogImages/product/126443/126443.jpg"" width=""100%""> <p class=""title-product"">
Steak tartar vacuno Santiamen 120 g</p>"
"Cadera de añojo Carrefour Calidad y Origen limpia entera sin corte 4,5 Kg aprox","Pieza de 4500.0 g. aprox |
9,90 €/kg",,"44,55 €",,https://static.carrefour.es/hd_280x_/supermercado/bcc_static/catalogImages/product/318891/318891.jpg,"<img aria-describedby=""product-fprod1260129"" alt=""Cadera de añojo Carrefour Calidad y Origen limpia entera sin corte 4,5 Kg aprox"" src=""https://static.carrefour.es/hd_280x_/supermercado/bcc_static/catalogImages/product/318891/318891.jpg"" srcset=""https://static.carrefour.es/hd_560x_/supermercado/bcc_static/catalogImages/product/318891/318891.jpg"" width=""100%""> <p class=""title-product"">
Cadera de añojo Carrefour Calidad y Origen limpia entera sin corte 4,5 Kg aprox</p>"
Cañon de añojo Carrefour Calidad y Origen 500 g aprox,"500 g aprox 500.0 g. aprox |
8,70 €/kg",,"4,35 €",,https://static.carrefour.es/hd_280x_/supermercado/bcc_static/catalogImages/product/842666/842666.jpg,"<img aria-describedby=""product-prod840080"" alt=""Cañon de añojo Carrefour Calidad y Origen 500 g aprox"" src=""https://static.carrefour.es/hd_280x_/supermercado/bcc_static/catalogImages/product/842666/842666.jpg"" srcset=""https://static.carrefour.es/hd_560x_/supermercado/bcc_static/catalogImages/product/842666/842666.jpg"" width=""100%""> <p class=""title-product"">
Cañon de añojo Carrefour Calidad y Origen 500 g aprox</p>"
Carpaccio vacuno Santiamen 90 g,"90 g |
57,78 €/kg",,"5,20 €",,https://static.carrefour.es/hd_280x_/supermercado/bcc_static/catalogImages/product/126439/126439.jpg,"<img aria-describedby=""product-prod1120314"" alt=""Carpaccio vacuno Santiamen 90 g"" src=""https://static.carrefour.es/hd_280x_/supermercado/bcc_static/catalogImages/product/126439/126439.jpg"" srcset=""https://static.carrefour.es/hd_560x_/supermercado/bcc_static/catalogImages/product/126439/126439.jpg"" width=""100%""> <p class=""title-product"">
Carpaccio vacuno Santiamen 90 g</p>"
Albondigas vacuno con salsa de trufa Santiamen 300 g,"300 g |
24,00 €/kg",,"7,20 €",,https://static.carrefour.es/hd_280x_/supermercado/bcc_static/catalogImages/product/126440/126440.jpg,"<img aria-describedby=""product-prod1120320"" alt=""Albondigas vacuno con salsa de trufa Santiamen 300 g"" src=""https://static.carrefour.es/hd_280x_/supermercado/bcc_static/catalogImages/product/126440/126440.jpg"" srcset=""https://static.carrefour.es/hd_560x_/supermercado/bcc_static/catalogImages/product/126440/126440.jpg"" width=""100%""> <p class=""title-product"">
Albondigas vacuno con salsa de trufa Santiamen 300 g</p>"
Lomo madurado 21 días min vaca raza rubia gallega 1 Kg aprox,"Envase de  1000.0 g. aprox |
21,90 €/kg",,"21,90 €",,https://static.carrefour.es/hd_280x_/supermercado/bcc_static/catalogImages/product/377919/377919.jpg,"<img aria-describedby=""product-fprod1280521"" alt=""Lomo madurado 21 días min vaca raza rubia gallega 1 Kg aprox"" src=""https://static.carrefour.es/hd_280x_/supermercado/bcc_static/catalogImages/product/377919/377919.jpg"" srcset=""https://static.carrefour.es/hd_560x_/supermercado/bcc_static/catalogImages/product/377919/377919.jpg"" width=""100%""> <p class=""title-product"">
Lomo madurado 21 días min vaca raza rubia gallega 1 Kg aprox</p>"
Lomo madurado 30 días min de novillo de Wagyu 1 Kg aprox,"Envase de  1000.0 g. aprox |
28,90 €/kg",,"28,90 €",,https://static.carrefour.es/hd_280x_/supermercado/bcc_static/catalogImages/product/092798/092798.jpg,"<img aria-describedby=""product-fprod1280515"" alt=""Lomo madurado 30 días min de novillo de Wagyu 1 Kg aprox"" src=""https://static.carrefour.es/hd_280x_/supermercado/bcc_static/catalogImages/product/092798/092798.jpg"" srcset=""https://static.carrefour.es/hd_560x_/supermercado/bcc_static/catalogImages/product/092798/092798.jpg"" width=""100%""> <p class=""title-product"">
Lomo madurado 30 días min de novillo de Wagyu 1 Kg aprox</p>"
Babilla de añojo Carrefour Calidad y Origen limpia entera sin corte 6 Kg aprox,"Pieza de 6000.0 g. aprox |
9,90 €/kg",,"59,40 €",,https://static.carrefour.es/hd_280x_/supermercado/bcc_static/catalogImages/product/318884/318884.jpg,"<img aria-describedby=""product-fprod1260134"" alt=""Babilla de añojo Carrefour Calidad y Origen limpia entera sin corte 6 Kg aprox"" src=""https://static.carrefour.es/hd_280x_/supermercado/bcc_static/catalogImages/product/318884/318884.jpg"" srcset=""https://static.carrefour.es/hd_560x_/supermercado/bcc_static/catalogImages/product/318884/318884.jpg"" width=""100%""> <p class=""title-product"">
Babilla de añojo Carrefour Calidad y Origen limpia entera sin corte 6 Kg aprox</p>"
Tapa de añojo Carrefour Calidad y Origen limpia entera sin corte 7 Kg aprox,"Pieza de 7000.0 g. aprox |
8,90 €/kg",,"62,30 €",,https://static.carrefour.es/hd_280x_/supermercado/bcc_static/catalogImages/product/318898/318898.jpg,"<img aria-describedby=""product-fprod1260131"" alt=""Tapa de añojo Carrefour Calidad y Origen limpia entera sin corte 7 Kg aprox"" src=""https://static.carrefour.es/hd_280x_/supermercado/bcc_static/catalogImages/product/318898/318898.jpg"" srcset=""https://static.carrefour.es/hd_560x_/supermercado/bcc_static/catalogImages/product/318898/318898.jpg"" width=""100%""> <p class=""title-product"">
Tapa de añojo Carrefour Calidad y Origen limpia entera sin corte 7 Kg aprox</p>"
"Solomillo de añojo Carrefour Calidad y Origen limpio entero sin corte 3,5 Kg aprox","Pieza de 3500.0 g. aprox |
28,90 €/kg",,"101,15 €",,https://static.carrefour.es/hd_280x_/supermercado/bcc_static/catalogImages/product/318882/318882.jpg,"<img aria-describedby=""product-fprod1260135"" alt=""Solomillo de añojo Carrefour Calidad y Origen limpio entero sin corte 3,5 Kg aprox"" src=""https://static.carrefour.es/hd_280x_/supermercado/bcc_static/catalogImages/product/318882/318882.jpg"" srcset=""https://static.carrefour.es/hd_560x_/supermercado/bcc_static/catalogImages/product/318882/318882.jpg"" width=""100%""> <p class=""title-product"">
Solomillo de añojo Carrefour Calidad y Origen limpio entero sin corte 3,5 Kg aprox</p>"
Lomo madurado 30 días min de vaca Sashi 1 Kg aprox,"Envase de  1000.0 g. aprox |
25,90 €/kg",,"25,90 €",,https://static.carrefour.es/hd_280x_/supermercado/bcc_static/catalogImages/product/092811/092811.jpg,"<img aria-describedby=""product-fprod1280517"" alt=""Lomo madurado 30 días min de vaca Sashi 1 Kg aprox"" src=""https://static.carrefour.es/hd_280x_/supermercado/bcc_static/catalogImages/product/092811/092811.jpg"" srcset=""https://static.carrefour.es/hd_560x_/supermercado/bcc_static/catalogImages/product/092811/092811.jpg"" width=""100%""> <p class=""title-product"">
Lomo madurado 30 días min de vaca Sashi 1 Kg aprox</p>"
Lomo Black Angus Irlandes Dawn Meats 1000 g,"Pieza de 1000.0 g. aprox |
33,90 €/kg",,"33,90 €",,https://static.carrefour.es/hd_280x_/supermercado/bcc_static/catalogImages/product/586738/586738.jpg,"<img aria-describedby=""product-607403031"" alt=""Lomo Black Angus Irlandes Dawn Meats 1000 g"" src=""https://static.carrefour.es/hd_280x_/supermercado/bcc_static/catalogImages/product/586738/586738.jpg"" srcset=""https://static.carrefour.es/hd_560x_/supermercado/bcc_static/catalogImages/product/586738/586738.jpg"" width=""100%""> <p class=""title-product"">
Lomo Black Angus Irlandes Dawn Meats 1000 g</p>"
Contra de añojo Carrefour Calidad y Origen limpia entera sin corte 6 Kg aprox,"Pieza de 6000.0 g. aprox |
8,90 €/kg",,"53,40 €",,https://static.carrefour.es/hd_280x_/supermercado/bcc_static/catalogImages/product/318879/318879.jpg,"<img aria-describedby=""product-fprod1260133"" alt=""Contra de añojo Carrefour Calidad y Origen limpia entera sin corte 6 Kg aprox"" src=""https://static.carrefour.es/hd_280x_/supermercado/bcc_static/catalogImages/product/318879/318879.jpg"" srcset=""https://static.carrefour.es/hd_560x_/supermercado/bcc_static/catalogImages/product/318879/318879.jpg"" width=""100%""> <p class=""title-product"">
Contra de añojo Carrefour Calidad y Origen limpia entera sin corte 6 Kg aprox</p>"