Title,kg price,Discounted Price,Actual Price,Actual Price 2,Image,Merchant Product Id HTML
Kiwi Zespri Carrefour 1 Kg aprox,"Bandeja de  1000.0 g. aprox |
3,59 €/kg",,"3,59 €",,https://static.carrefour.es/hd_280x_/supermercado/bcc_static/catalogImages/product/243817/243817.jpg,"<img aria-describedby=""product-719618129"" alt=""Kiwi Zespri Carrefour 1 Kg aprox"" src=""https://static.carrefour.es/hd_280x_/supermercado/bcc_static/catalogImages/product/243817/243817.jpg"" srcset=""https://static.carrefour.es/hd_560x_/supermercado/bcc_static/catalogImages/product/243817/243817.jpg"" width=""100%""> <p class=""title-product"">
Kiwi Zespri Carrefour 1 Kg aprox</p>"
Aguacate hass  1 Kg aprox,"Bandeja de  1000.0 g. aprox |
5,39 €/kg",,"5,39 €",,https://static.carrefour.es/hd_280x_/supermercado/bcc_static/catalogImages/product/036010/036010.jpg,"<img aria-describedby=""product-547901607"" alt=""Aguacate hass  1 Kg aprox "" src=""https://static.carrefour.es/hd_280x_/supermercado/bcc_static/catalogImages/product/036010/036010.jpg"" srcset=""https://static.carrefour.es/hd_560x_/supermercado/bcc_static/catalogImages/product/036010/036010.jpg"" width=""100%""> <p class=""title-product"">
Aguacate hass  1 Kg aprox </p>"
Guacamole Carrefour tarrina 200 g,"200 g |
7,95 €/kg",,"1,59 €",,https://static.carrefour.es/hd_280x_/supermercado/bcc_static/catalogImages/product/208412/208412.jpg,"<img aria-describedby=""product-prod1160715"" alt=""Guacamole Carrefour tarrina 200 g"" src=""https://static.carrefour.es/hd_280x_/supermercado/bcc_static/catalogImages/product/208412/208412.jpg"" srcset=""https://static.carrefour.es/hd_560x_/supermercado/bcc_static/catalogImages/product/208412/208412.jpg"" width=""100%""> <p class=""title-product"">
Guacamole Carrefour tarrina 200 g</p>"
Aguacate ecológico Carrefour Bio 500 g,"500 gr. |
7,30 €/kg",,"3,65 €",,https://static.carrefour.es/hd_280x_/supermercado/bcc_static/catalogImages/product/094815/094815.jpg,"<img aria-describedby=""product-695807640"" alt=""Aguacate ecológico Carrefour Bio 500 g"" src=""https://static.carrefour.es/hd_280x_/supermercado/bcc_static/catalogImages/product/094815/094815.jpg"" srcset=""https://static.carrefour.es/hd_560x_/supermercado/bcc_static/catalogImages/product/094815/094815.jpg"" width=""100%""> <p class=""title-product"">
Aguacate ecológico Carrefour Bio 500 g</p>"
Aguacate Carrefour flowpack 3/4 ud 500 g,"500 g |
6,00 €/kg",,"3,00 €",,https://static.carrefour.es/hd_280x_/supermercado/bcc_static/catalogImages/product/246583/246583.jpg,"<img aria-describedby=""product-prod190376"" alt=""Aguacate Carrefour flowpack 3/4 ud 500 g "" src=""https://static.carrefour.es/hd_280x_/supermercado/bcc_static/catalogImages/product/246583/246583.jpg"" srcset=""https://static.carrefour.es/hd_560x_/supermercado/bcc_static/catalogImages/product/246583/246583.jpg"" width=""100%""> <p class=""title-product"">
Aguacate Carrefour flowpack 3/4 ud 500 g </p>"
Mango Carrefour Calidad y Origen bandeja 500 g aprox origen nacional,"Envase de 500.0 g. aprox |
2,49 €/kg","1,24 €",,"1,77 €",https://static.carrefour.es/hd_280x_/supermercado/bcc_static/catalogImages/product/371656/371656.jpg,"<img aria-describedby=""product-fprod1430100"" alt=""Mango Carrefour Calidad y Origen bandeja 500 g aprox origen nacional"" src=""https://static.carrefour.es/hd_280x_/supermercado/bcc_static/catalogImages/product/371656/371656.jpg"" srcset=""https://static.carrefour.es/hd_560x_/supermercado/bcc_static/catalogImages/product/371656/371656.jpg"" width=""100%""> <p class=""title-product"">
Mango Carrefour Calidad y Origen bandeja 500 g aprox origen nacional</p>"
Kiwi gold selecta Carrefour bandeja 4 ud 500 g,"500 g |
7,50 €/ud",,"3,75 €",,https://static.carrefour.es/hd_280x_/supermercado/bcc_static/catalogImages/product/914204/914204.jpg,"<img aria-describedby=""product-804032165"" alt=""Kiwi gold selecta Carrefour bandeja 4 ud 500 g "" src=""https://static.carrefour.es/hd_280x_/supermercado/bcc_static/catalogImages/product/914204/914204.jpg"" srcset=""https://static.carrefour.es/hd_560x_/supermercado/bcc_static/catalogImages/product/914204/914204.jpg"" width=""100%""> <p class=""title-product"">
Kiwi gold selecta Carrefour bandeja 4 ud 500 g </p>"
"Piña golden ripe Carrefour 1,5 Kg aprox","Bandeja de  2000.0 g. aprox |
1,19 €/kg",,"2,38 €",,https://static.carrefour.es/hd_280x_/supermercado/bcc_static/catalogImages/product/181242/181242.jpg,"<img aria-describedby=""product-521032201"" alt=""Piña golden ripe Carrefour 1,5 Kg aprox"" src=""https://static.carrefour.es/hd_280x_/supermercado/bcc_static/catalogImages/product/181242/181242.jpg"" srcset=""https://static.carrefour.es/hd_560x_/supermercado/bcc_static/catalogImages/product/181242/181242.jpg"" width=""100%""> <p class=""title-product"">
Piña golden ripe Carrefour 1,5 Kg aprox</p>"
"Piña selecta Del Monte 1,5 Kg aprox","Bandeja de  1500.0 g. aprox |
1,75 €/kg","2,62 €",,"2,98 €",https://static.carrefour.es/hd_280x_/supermercado/bcc_static/catalogImages/product/017004/017004.jpg,"<img aria-describedby=""product-616401668"" alt=""Piña selecta Del Monte 1,5 Kg aprox"" src=""https://static.carrefour.es/hd_280x_/supermercado/bcc_static/catalogImages/product/017004/017004.jpg"" srcset=""https://static.carrefour.es/hd_560x_/supermercado/bcc_static/catalogImages/product/017004/017004.jpg"" width=""100%""> <p class=""title-product"">
Piña selecta Del Monte 1,5 Kg aprox</p>"
Kiwi zespri selecta Carrefour bandeja 4 ud 500 g,"500 g |
5,58 €/ud",,"2,79 €",,https://static.carrefour.es/hd_280x_/supermercado/bcc_static/catalogImages/product/914213/914213.jpg,"<img aria-describedby=""product-804032185"" alt=""Kiwi zespri selecta Carrefour bandeja 4 ud 500 g "" src=""https://static.carrefour.es/hd_280x_/supermercado/bcc_static/catalogImages/product/914213/914213.jpg"" srcset=""https://static.carrefour.es/hd_560x_/supermercado/bcc_static/catalogImages/product/914213/914213.jpg"" width=""100%""> <p class=""title-product"">
Kiwi zespri selecta Carrefour bandeja 4 ud 500 g </p>"
Aguacate Selecta 2 unidades de 500 g,"500 g |
8,50 €/ud",,"4,25 €",,https://static.carrefour.es/hd_280x_/supermercado/bcc_static/catalogImages/product/074342/074342.jpg,"<img aria-describedby=""product-854100334"" alt=""Aguacate Selecta 2 unidades de 500 g "" src=""https://static.carrefour.es/hd_280x_/supermercado/bcc_static/catalogImages/product/074342/074342.jpg"" srcset=""https://static.carrefour.es/hd_560x_/supermercado/bcc_static/catalogImages/product/074342/074342.jpg"" width=""100%""> <p class=""title-product"">
Aguacate Selecta 2 unidades de 500 g </p>"
Papaya Carrefour 500 g aprox,"Bandeja de  500.0 g. aprox |
4,50 €/kg",,"2,25 €",,https://static.carrefour.es/hd_280x_/supermercado/bcc_static/catalogImages/product/036062/036062.jpg,"<img aria-describedby=""product-530066910"" alt=""Papaya Carrefour 500 g aprox"" src=""https://static.carrefour.es/hd_280x_/supermercado/bcc_static/catalogImages/product/036062/036062.jpg"" srcset=""https://static.carrefour.es/hd_560x_/supermercado/bcc_static/catalogImages/product/036062/036062.jpg"" width=""100%""> <p class=""title-product"">
Papaya Carrefour 500 g aprox</p>"
Kiwi flow-pack Carrefour bandeja 5-6 ud.,"5-6 ud. |
0,40 €/ud",,"2,00 €",,https://static.carrefour.es/hd_280x_/supermercado/bcc_static/catalogImages/product/855132/855132.jpg,"<img aria-describedby=""product-prod730763"" alt=""Kiwi flow-pack Carrefour bandeja 5-6 ud."" src=""https://static.carrefour.es/hd_280x_/supermercado/bcc_static/catalogImages/product/855132/855132.jpg"" srcset=""https://static.carrefour.es/hd_560x_/supermercado/bcc_static/catalogImages/product/855132/855132.jpg"" width=""100%""> <p class=""title-product"">
Kiwi flow-pack Carrefour bandeja 5-6 ud.</p>"
Guacamole Carrefour tarrina 500 g,"500 g |
6,58 €/kg",,"3,29 €",,https://static.carrefour.es/hd_280x_/supermercado/bcc_static/catalogImages/product/208335/208335.jpg,"<img aria-describedby=""product-prod1160594"" alt=""Guacamole Carrefour tarrina 500 g"" src=""https://static.carrefour.es/hd_280x_/supermercado/bcc_static/catalogImages/product/208335/208335.jpg"" srcset=""https://static.carrefour.es/hd_560x_/supermercado/bcc_static/catalogImages/product/208335/208335.jpg"" width=""100%""> <p class=""title-product"">
Guacamole Carrefour tarrina 500 g</p>"
Jengibre bandeja 200 g,"200 g |
4,75 €/kg",,"0,95 €",,https://static.carrefour.es/hd_280x_/supermercado/bcc_static/catalogImages/product/791831/791831.jpg,"<img aria-describedby=""product-fprod1260226"" alt=""Jengibre bandeja 200 g"" src=""https://static.carrefour.es/hd_280x_/supermercado/bcc_static/catalogImages/product/791831/791831.jpg"" srcset=""https://static.carrefour.es/hd_560x_/supermercado/bcc_static/catalogImages/product/791831/791831.jpg"" width=""100%""> <p class=""title-product"">
Jengibre bandeja 200 g</p>"
Aguacate ecológico Carrefour granel 700 g aprox,"Envase de 700.0 g. aprox |
6,95 €/kg",,"4,86 €",,https://static.carrefour.es/hd_280x_/supermercado/bcc_static/catalogImages/product/810257/810257.jpg,"<img aria-describedby=""product-prod60784"" alt=""Aguacate ecológico Carrefour granel 700 g aprox"" src=""https://static.carrefour.es/hd_280x_/supermercado/bcc_static/catalogImages/product/810257/810257.jpg"" srcset=""https://static.carrefour.es/hd_560x_/supermercado/bcc_static/catalogImages/product/810257/810257.jpg"" width=""100%""> <p class=""title-product"">
Aguacate ecológico Carrefour granel 700 g aprox</p>"
Papayon granel 500 g aprox,"Envase de 500.0 g. aprox |
3,69 €/kg",,"1,84 €",,https://static.carrefour.es/hd_280x_/supermercado/bcc_static/catalogImages/product/832292/832292.jpg,"<img aria-describedby=""product-prod720513"" alt=""Papayon granel 500 g aprox"" src=""https://static.carrefour.es/hd_280x_/supermercado/bcc_static/catalogImages/product/832292/832292.jpg"" srcset=""https://static.carrefour.es/hd_560x_/supermercado/bcc_static/catalogImages/product/832292/832292.jpg"" width=""100%""> <p class=""title-product"">
Papayon granel 500 g aprox</p>"
Kaki sharoni Carrefour 1 Kg aprox,"Bandeja de  1000.0 g. aprox |
3,95 €/kg",,"3,95 €",,https://static.carrefour.es/hd_280x_/supermercado/bcc_static/catalogImages/product/053885/053885.jpg,"<img aria-describedby=""product-528412350"" alt=""Kaki sharoni Carrefour 1 Kg aprox"" src=""https://static.carrefour.es/hd_280x_/supermercado/bcc_static/catalogImages/product/053885/053885.jpg"" srcset=""https://static.carrefour.es/hd_560x_/supermercado/bcc_static/catalogImages/product/053885/053885.jpg"" width=""100%""> <p class=""title-product"">
Kaki sharoni Carrefour 1 Kg aprox</p>"
Yuca Carrefour 1 Kg aprox,"Bandeja de  1000.0 g. aprox |
2,25 €/kg",,"2,25 €",,https://static.carrefour.es/hd_280x_/supermercado/bcc_static/catalogImages/product/036104/036104.jpg,"<img aria-describedby=""product-547901609"" alt=""Yuca Carrefour 1 Kg aprox"" src=""https://static.carrefour.es/hd_280x_/supermercado/bcc_static/catalogImages/product/036104/036104.jpg"" srcset=""https://static.carrefour.es/hd_560x_/supermercado/bcc_static/catalogImages/product/036104/036104.jpg"" width=""100%""> <p class=""title-product"">
Yuca Carrefour 1 Kg aprox</p>"
Kiwi ecológico Carrefour granel 1 Kg aprox,"Envase de 1000.0 g. aprox |
4,98 €/kg",,"4,98 €",,https://static.carrefour.es/hd_280x_/supermercado/bcc_static/catalogImages/product/810254/810254.jpg,"<img aria-describedby=""product-prod231228"" alt=""Kiwi ecológico Carrefour granel 1 Kg aprox"" src=""https://static.carrefour.es/hd_280x_/supermercado/bcc_static/catalogImages/product/810254/810254.jpg"" srcset=""https://static.carrefour.es/hd_560x_/supermercado/bcc_static/catalogImages/product/810254/810254.jpg"" width=""100%""> <p class=""title-product"">
Kiwi ecológico Carrefour granel 1 Kg aprox</p>"
Coco Carrefour 1 Kg,"1 Kg |
1,39 €/ud",,"1,39 €",,https://static.carrefour.es/hd_280x_/supermercado/bcc_static/catalogImages/product/036096/036096.jpg,"<img aria-describedby=""product-521031320"" alt=""Coco Carrefour 1 Kg "" src=""https://static.carrefour.es/hd_280x_/supermercado/bcc_static/catalogImages/product/036096/036096.jpg"" srcset=""https://static.carrefour.es/hd_560x_/supermercado/bcc_static/catalogImages/product/036096/036096.jpg"" width=""100%""> <p class=""title-product"">
Coco Carrefour 1 Kg </p>"
Mango Selecta 1 ud,"1 ud |
4,99 €/ud",,"4,99 €",,https://static.carrefour.es/hd_280x_/supermercado/bcc_static/catalogImages/product/059691/059691.jpg,"<img aria-describedby=""product-852000368"" alt=""Mango Selecta 1 ud"" src=""https://static.carrefour.es/hd_280x_/supermercado/bcc_static/catalogImages/product/059691/059691.jpg"" srcset=""https://static.carrefour.es/hd_560x_/supermercado/bcc_static/catalogImages/product/059691/059691.jpg"" width=""100%""> <p class=""title-product"">
Mango Selecta 1 ud</p>"
Kiwi gold Premium 500 g aprox,"Bandeja de  500.0 g. aprox |
8,25 €/kg",,"4,12 €",,https://static.carrefour.es/hd_280x_/supermercado/bcc_static/catalogImages/product/073320/073320.jpg,"<img aria-describedby=""product-615201578"" alt=""Kiwi gold Premium 500 g aprox"" src=""https://static.carrefour.es/hd_280x_/supermercado/bcc_static/catalogImages/product/073320/073320.jpg"" srcset=""https://static.carrefour.es/hd_560x_/supermercado/bcc_static/catalogImages/product/073320/073320.jpg"" width=""100%""> <p class=""title-product"">
Kiwi gold Premium 500 g aprox</p>"
Aguacate Premium 1 kg aprox,"Bandeja de  1000.0 g. aprox |
8,35 €/kg",,"8,35 €",,https://static.carrefour.es/hd_280x_/supermercado/bcc_static/catalogImages/product/086678/086678.jpg,"<img aria-describedby=""product-615001603"" alt=""Aguacate Premium 1 kg aprox"" src=""https://static.carrefour.es/hd_280x_/supermercado/bcc_static/catalogImages/product/086678/086678.jpg"" srcset=""https://static.carrefour.es/hd_560x_/supermercado/bcc_static/catalogImages/product/086678/086678.jpg"" width=""100%""> <p class=""title-product"">
Aguacate Premium 1 kg aprox</p>"
,,,,,,
Kiwi sungold ecológico a granel 500 g aprox,"Envase de 500.0 g. aprox |
6,98 €/kg",,"3,49 €",,https://static.carrefour.es/hd_280x_/supermercado/bcc_static/catalogImages/product/828159/828159.jpg,"<img aria-describedby=""product-prod480069"" alt=""Kiwi sungold ecológico a granel 500 g aprox"" src=""https://static.carrefour.es/hd_280x_/supermercado/bcc_static/catalogImages/product/828159/828159.jpg"" srcset=""https://static.carrefour.es/hd_560x_/supermercado/bcc_static/catalogImages/product/828159/828159.jpg"" width=""100%""> <p class=""title-product"">
Kiwi sungold ecológico a granel 500 g aprox</p>"
Mango Premium 1 Kg aprox,"Bandeja de  1000.0 g. aprox |
3,59 €/kg",,"3,59 €",,https://static.carrefour.es/hd_280x_/supermercado/bcc_static/catalogImages/product/155501/155501.jpg,"<img aria-describedby=""product-608701680"" alt=""Mango Premium 1 Kg aprox"" src=""https://static.carrefour.es/hd_280x_/supermercado/bcc_static/catalogImages/product/155501/155501.jpg"" srcset=""https://static.carrefour.es/hd_560x_/supermercado/bcc_static/catalogImages/product/155501/155501.jpg"" width=""100%""> <p class=""title-product"">
Mango Premium 1 Kg aprox</p>"
Mango Carrefour Bandeja de 2 piezas,"700 g aprox |
2,86 €/kg",,"2,00 €",,https://static.carrefour.es/hd_280x_/supermercado/bcc_static/catalogImages/product/371673/371673.jpg,"<img aria-describedby=""product-fprod1430075"" alt=""Mango Carrefour Bandeja de 2 piezas"" src=""https://static.carrefour.es/hd_280x_/supermercado/bcc_static/catalogImages/product/371673/371673.jpg"" srcset=""https://static.carrefour.es/hd_560x_/supermercado/bcc_static/catalogImages/product/371673/371673.jpg"" width=""100%""> <p class=""title-product"">
Mango Carrefour Bandeja de 2 piezas</p>"
Piña avión selecta granel 1 Kg aprox,"Pieza de 1000.0 g. aprox |
4,79 €/kg",,"4,79 €",,https://static.carrefour.es/hd_280x_/supermercado/bcc_static/catalogImages/product/840851/840851.jpg,"<img aria-describedby=""product-prod600037"" alt=""Piña avión selecta granel 1 Kg aprox"" src=""https://static.carrefour.es/hd_280x_/supermercado/bcc_static/catalogImages/product/840851/840851.jpg"" srcset=""https://static.carrefour.es/hd_560x_/supermercado/bcc_static/catalogImages/product/840851/840851.jpg"" width=""100%""> <p class=""title-product"">
Piña avión selecta granel 1 Kg aprox</p>"
Coco ecológico Carrefour granel 500 g aprox,"Envase de |
3,70 €/kg",,"1,85 €",,https://static.carrefour.es/hd_280x_/supermercado/bcc_static/catalogImages/product/341642/341642.jpg,"<img aria-describedby=""product-prod281228"" alt=""Coco ecológico Carrefour granel 500 g aprox"" src=""https://static.carrefour.es/hd_280x_/supermercado/bcc_static/catalogImages/product/341642/341642.jpg"" srcset=""https://static.carrefour.es/hd_560x_/supermercado/bcc_static/catalogImages/product/341642/341642.jpg"" width=""100%""> <p class=""title-product"">
Coco ecológico Carrefour granel 500 g aprox</p>"
Coco de agua selecta Carrefour 1 Kg,"1 kg. |
2,99 €/kg",,"2,99 €",,https://static.carrefour.es/hd_280x_/supermercado/bcc_static/catalogImages/product/985815/985815.jpg,"<img aria-describedby=""product-prod69998"" alt=""Coco de agua selecta Carrefour 1 Kg "" src=""https://static.carrefour.es/hd_280x_/supermercado/bcc_static/catalogImages/product/985815/985815.jpg"" srcset=""https://static.carrefour.es/hd_560x_/supermercado/bcc_static/catalogImages/product/985815/985815.jpg"" width=""100%""> <p class=""title-product"">
Coco de agua selecta Carrefour 1 Kg </p>"
Papayon Premium 1 Kg aprox,"Bandeja de  1000.0 g. aprox |
5,95 €/kg",,"5,95 €",,https://static.carrefour.es/hd_280x_/supermercado/bcc_static/catalogImages/product/073342/073342.jpg,"<img aria-describedby=""product-615201592"" alt=""Papayon Premium 1 Kg aprox"" src=""https://static.carrefour.es/hd_280x_/supermercado/bcc_static/catalogImages/product/073342/073342.jpg"" srcset=""https://static.carrefour.es/hd_560x_/supermercado/bcc_static/catalogImages/product/073342/073342.jpg"" width=""100%""> <p class=""title-product"">
Papayon Premium 1 Kg aprox</p>"
Maracuyá selecta Carrefour 1 kg aprox,"Bandeja de  500.0 g. aprox |
11,75 €/kg",,"5,87 €",,https://static.carrefour.es/hd_280x_/supermercado/bcc_static/catalogImages/product/053764/053764.jpg,"<img aria-describedby=""product-prod160594"" alt=""Maracuyá selecta Carrefour 1 kg aprox"" src=""https://static.carrefour.es/hd_280x_/supermercado/bcc_static/catalogImages/product/053764/053764.jpg"" srcset=""https://static.carrefour.es/hd_560x_/supermercado/bcc_static/catalogImages/product/053764/053764.jpg"" width=""100%""> <p class=""title-product"">
Maracuyá selecta Carrefour 1 kg aprox</p>"
Fruta de la pasión selecta Carrefour 1 Kg aprox,"Bandeja de  1000.0 g. aprox |
9,39 €/kg",,"9,39 €",,https://static.carrefour.es/hd_280x_/supermercado/bcc_static/catalogImages/product/142575/142575.jpg,"<img aria-describedby=""product-prod160560"" alt=""Fruta de la pasión selecta Carrefour 1 Kg aprox"" src=""https://static.carrefour.es/hd_280x_/supermercado/bcc_static/catalogImages/product/142575/142575.jpg"" srcset=""https://static.carrefour.es/hd_560x_/supermercado/bcc_static/catalogImages/product/142575/142575.jpg"" width=""100%""> <p class=""title-product"">
Fruta de la pasión selecta Carrefour 1 Kg aprox</p>"
Tamarindo selecta Carrefour 500 g aprox,"Envase de  500.0 g. aprox |
7,79 €/kg",,"3,89 €",,https://static.carrefour.es/hd_280x_/supermercado/bcc_static/catalogImages/product/036087/036087.jpg,"<img aria-describedby=""product-625419675"" alt=""Tamarindo selecta Carrefour 500 g aprox"" src=""https://static.carrefour.es/hd_280x_/supermercado/bcc_static/catalogImages/product/036087/036087.jpg"" srcset=""https://static.carrefour.es/hd_560x_/supermercado/bcc_static/catalogImages/product/036087/036087.jpg"" width=""100%""> <p class=""title-product"">
Tamarindo selecta Carrefour 500 g aprox</p>"
"Piña Premium 1,5 Kg aprox","Bandeja de  1500.0 g. aprox |
5,95 €/kg",,"8,92 €",,https://static.carrefour.es/hd_280x_/supermercado/bcc_static/catalogImages/product/684711/684711.jpg,"<img aria-describedby=""product-607403447"" alt=""Piña Premium 1,5 Kg aprox"" src=""https://static.carrefour.es/hd_280x_/supermercado/bcc_static/catalogImages/product/684711/684711.jpg"" srcset=""https://static.carrefour.es/hd_560x_/supermercado/bcc_static/catalogImages/product/684711/684711.jpg"" width=""100%""> <p class=""title-product"">
Piña Premium 1,5 Kg aprox</p>"
Kiwi Premium 1 Kg aprox,"Bandeja de  1000.0 g. aprox |
6,55 €/kg",,"6,55 €",,https://static.carrefour.es/hd_280x_/supermercado/bcc_static/catalogImages/product/155503/155503.jpg,"<img aria-describedby=""product-608701682"" alt=""Kiwi Premium 1 Kg aprox"" src=""https://static.carrefour.es/hd_280x_/supermercado/bcc_static/catalogImages/product/155503/155503.jpg"" srcset=""https://static.carrefour.es/hd_560x_/supermercado/bcc_static/catalogImages/product/155503/155503.jpg"" width=""100%""> <p class=""title-product"">
Kiwi Premium 1 Kg aprox</p>"
Caña de azúcar  500 g aprox,"Bandeja de 500.0 g. aprox |
3,29 €/kg",,"1,64 €",,https://static.carrefour.es/hd_280x_/supermercado/bcc_static/catalogImages/product/036091/036091.jpg,"<img aria-describedby=""product-625419677"" alt=""Caña de azúcar  500 g aprox"" src=""https://static.carrefour.es/hd_280x_/supermercado/bcc_static/catalogImages/product/036091/036091.jpg"" srcset=""https://static.carrefour.es/hd_560x_/supermercado/bcc_static/catalogImages/product/036091/036091.jpg"" width=""100%""> <p class=""title-product"">
Caña de azúcar  500 g aprox</p>"
Kiwi baby Carrefour tarrina 125 g,"125 g |
21,20 €/kg",,"2,65 €",,https://static.carrefour.es/hd_280x_/supermercado/bcc_static/catalogImages/product/043743/043743.jpg,"<img aria-describedby=""product-prod930053"" alt=""Kiwi baby Carrefour tarrina 125 g"" src=""https://static.carrefour.es/hd_280x_/supermercado/bcc_static/catalogImages/product/043743/043743.jpg"" srcset=""https://static.carrefour.es/hd_560x_/supermercado/bcc_static/catalogImages/product/043743/043743.jpg"" width=""100%""> <p class=""title-product"">
Kiwi baby Carrefour tarrina 125 g</p>"
Kaki sharoni Premium 500 g aprox,"Bandeja de  500.0 g. aprox |
4,95 €/kg",,"2,47 €",,https://static.carrefour.es/hd_280x_/supermercado/bcc_static/catalogImages/product/155548/155548.jpg,"<img aria-describedby=""product-608701726"" alt=""Kaki sharoni Premium 500 g aprox"" src=""https://static.carrefour.es/hd_280x_/supermercado/bcc_static/catalogImages/product/155548/155548.jpg"" srcset=""https://static.carrefour.es/hd_560x_/supermercado/bcc_static/catalogImages/product/155548/155548.jpg"" width=""100%""> <p class=""title-product"">
Kaki sharoni Premium 500 g aprox</p>"
,,,,,,