Title,kg price,Discounted Price,Actual Price,Actual Price 2,Image,Merchant Product Id HTML
Guisantes Carrefour 1 kg.,"1 kg. |
1,15 €/kg",,"1,15 €",,https://static.carrefour.es/hd_280x_/supermercado/bcc_static/catalogImages/product/181452/181452.jpg,"<img aria-describedby=""product-531705261"" alt=""Guisantes Carrefour 1 kg."" src=""https://static.carrefour.es/hd_280x_/supermercado/bcc_static/catalogImages/product/181452/181452.jpg"" srcset=""https://static.carrefour.es/hd_560x_/supermercado/bcc_static/catalogImages/product/181452/181452.jpg"" width=""100%""> <p class=""title-product"">
Guisantes Carrefour 1 kg.</p>"
Brocoli Carrefour 1 kg.,"1 kg. |
1,49 €/kg",,"1,49 €",,https://static.carrefour.es/hd_280x_/supermercado/bcc_static/catalogImages/product/080726/080726.jpg,"<img aria-describedby=""product-521031630"" alt=""Brocoli Carrefour 1 kg."" src=""https://static.carrefour.es/hd_280x_/supermercado/bcc_static/catalogImages/product/080726/080726.jpg"" srcset=""https://static.carrefour.es/hd_560x_/supermercado/bcc_static/catalogImages/product/080726/080726.jpg"" width=""100%""> <p class=""title-product"">
Brocoli Carrefour 1 kg.</p>"
Judías verdes planas Carrefour 1 kg.,"1 kg. |
1,05 €/kg",,"1,05 €",,https://static.carrefour.es/hd_280x_/supermercado/bcc_static/catalogImages/product/231891/231891.jpg,"<img aria-describedby=""product-521031543"" alt=""Judías verdes planas Carrefour 1 kg."" src=""https://static.carrefour.es/hd_280x_/supermercado/bcc_static/catalogImages/product/231891/231891.jpg"" srcset=""https://static.carrefour.es/hd_560x_/supermercado/bcc_static/catalogImages/product/231891/231891.jpg"" width=""100%""> <p class=""title-product"">
Judías verdes planas Carrefour 1 kg.</p>"
Guisantes finos Findus 1 kg.,"1 kg. |
3,30 €/kg",,"3,30 €",,https://static.carrefour.es/hd_280x_/supermercado/bcc_static/catalogImages/product/435057/435057.jpg,"<img aria-describedby=""product-712515237"" alt=""Guisantes finos Findus 1 kg."" src=""https://static.carrefour.es/hd_280x_/supermercado/bcc_static/catalogImages/product/435057/435057.jpg"" srcset=""https://static.carrefour.es/hd_560x_/supermercado/bcc_static/catalogImages/product/435057/435057.jpg"" width=""100%""> <p class=""title-product"">
Guisantes finos Findus 1 kg.</p>"
Cebolla Cubos Carrefour 400 g.,"400 g. |
1,65 €/kg",,"0,66 €",,https://static.carrefour.es/hd_280x_/supermercado/bcc_static/catalogImages/product/796014/796014.png,"<img aria-describedby=""product-521028257"" alt=""Cebolla Cubos Carrefour 400 g."" src=""https://static.carrefour.es/hd_280x_/supermercado/bcc_static/catalogImages/product/796014/796014.png"" srcset=""https://static.carrefour.es/hd_560x_/supermercado/bcc_static/catalogImages/product/796014/796014.png"" width=""100%""> <p class=""title-product"">
Cebolla Cubos Carrefour 400 g.</p>"
Ensaladilla Carrefour 1 kg.,"1 kg. |
0,75 €/kg",,"0,75 €",,https://static.carrefour.es/hd_280x_/supermercado/bcc_static/catalogImages/product/673183/673183.jpg,"<img aria-describedby=""product-530014607"" alt=""Ensaladilla Carrefour 1 kg."" src=""https://static.carrefour.es/hd_280x_/supermercado/bcc_static/catalogImages/product/673183/673183.jpg"" srcset=""https://static.carrefour.es/hd_560x_/supermercado/bcc_static/catalogImages/product/673183/673183.jpg"" width=""100%""> <p class=""title-product"">
Ensaladilla Carrefour 1 kg.</p>"
Pimiento en tiras Carrefour 450 g.,"450 g. |
2,22 €/kg",,"1,00 €",,https://static.carrefour.es/hd_280x_/supermercado/bcc_static/catalogImages/product/951258/951258.png,"<img aria-describedby=""product-819256948"" alt=""Pimiento en tiras Carrefour 450 g."" src=""https://static.carrefour.es/hd_280x_/supermercado/bcc_static/catalogImages/product/951258/951258.png"" srcset=""https://static.carrefour.es/hd_560x_/supermercado/bcc_static/catalogImages/product/951258/951258.png"" width=""100%""> <p class=""title-product"">
Pimiento en tiras Carrefour 450 g.</p>"
Menestra de verduras Carrefour 1 kg.,"1 kg. |
1,09 €/kg",,"1,09 €",,https://static.carrefour.es/hd_280x_/supermercado/bcc_static/catalogImages/product/231900/231900.png,"<img aria-describedby=""product-804031037"" alt=""Menestra de verduras Carrefour 1 kg."" src=""https://static.carrefour.es/hd_280x_/supermercado/bcc_static/catalogImages/product/231900/231900.png"" srcset=""https://static.carrefour.es/hd_560x_/supermercado/bcc_static/catalogImages/product/231900/231900.png"" width=""100%""> <p class=""title-product"">
Menestra de verduras Carrefour 1 kg.</p>"
Coliflor congelada Carrefour 1 kg.,"1 kg. |
1,29 €/kg",,"1,29 €",,https://static.carrefour.es/hd_280x_/supermercado/bcc_static/catalogImages/product/666795/666795.jpg,"<img aria-describedby=""product-521031606"" alt=""Coliflor congelada Carrefour 1 kg."" src=""https://static.carrefour.es/hd_280x_/supermercado/bcc_static/catalogImages/product/666795/666795.jpg"" srcset=""https://static.carrefour.es/hd_560x_/supermercado/bcc_static/catalogImages/product/666795/666795.jpg"" width=""100%""> <p class=""title-product"">
Coliflor congelada Carrefour 1 kg.</p>"
Judía troceada Carrefour 1 kg.,"1 kg. |
1,05 €/kg",,"1,05 €",,https://static.carrefour.es/hd_280x_/supermercado/bcc_static/catalogImages/product/666738/666738.jpg,"<img aria-describedby=""product-521031547"" alt=""Judía troceada Carrefour 1 kg."" src=""https://static.carrefour.es/hd_280x_/supermercado/bcc_static/catalogImages/product/666738/666738.jpg"" srcset=""https://static.carrefour.es/hd_560x_/supermercado/bcc_static/catalogImages/product/666738/666738.jpg"" width=""100%""> <p class=""title-product"">
Judía troceada Carrefour 1 kg.</p>"
Patatas congeladas extra finas Carrefour 1 kg.,"1 kg. |
1,15 €/kg",,"1,15 €",,https://static.carrefour.es/hd_280x_/supermercado/bcc_static/catalogImages/product/519612/519612.png,"<img aria-describedby=""product-521031644"" alt=""Patatas congeladas extra finas Carrefour 1 kg."" src=""https://static.carrefour.es/hd_280x_/supermercado/bcc_static/catalogImages/product/519612/519612.png"" srcset=""https://static.carrefour.es/hd_560x_/supermercado/bcc_static/catalogImages/product/519612/519612.png"" width=""100%""> <p class=""title-product"">
Patatas congeladas extra finas Carrefour 1 kg.</p>"
Espinacas cortadas Carrefour 1 kg.,"1 kg. |
1,19 €/kg",,"1,19 €",,https://static.carrefour.es/hd_280x_/supermercado/bcc_static/catalogImages/product/673513/673513.png,"<img aria-describedby=""product-521031551"" alt=""Espinacas cortadas Carrefour 1 kg."" src=""https://static.carrefour.es/hd_280x_/supermercado/bcc_static/catalogImages/product/673513/673513.png"" srcset=""https://static.carrefour.es/hd_560x_/supermercado/bcc_static/catalogImages/product/673513/673513.png"" width=""100%""> <p class=""title-product"">
Espinacas cortadas Carrefour 1 kg.</p>"
"Patatas fritas clásicas congeladas Carrefour 2,5 kg.","2,5 kg. |
0,92 €/kg",,"2,31 €",,https://static.carrefour.es/hd_280x_/supermercado/bcc_static/catalogImages/product/191326/191326.jpg,"<img aria-describedby=""product-538002716"" alt=""Patatas fritas clásicas congeladas Carrefour 2,5 kg."" src=""https://static.carrefour.es/hd_280x_/supermercado/bcc_static/catalogImages/product/191326/191326.jpg"" srcset=""https://static.carrefour.es/hd_560x_/supermercado/bcc_static/catalogImages/product/191326/191326.jpg"" width=""100%""> <p class=""title-product"">
Patatas fritas clásicas congeladas Carrefour 2,5 kg.</p>"
Menestra de verduras Findus 1 kg.,"1 kg. |
3,30 €/kg",,"3,30 €",,https://static.carrefour.es/hd_280x_/supermercado/bcc_static/catalogImages/product/435037/435037.jpg,"<img aria-describedby=""product-763300104"" alt=""Menestra de verduras Findus 1 kg."" src=""https://static.carrefour.es/hd_280x_/supermercado/bcc_static/catalogImages/product/435037/435037.jpg"" srcset=""https://static.carrefour.es/hd_560x_/supermercado/bcc_static/catalogImages/product/435037/435037.jpg"" width=""100%""> <p class=""title-product"">
Menestra de verduras Findus 1 kg.</p>"
Patatas fritas clásicas Carrefour 1 kg.,"1 kg. |
1,05 €/kg",,"1,05 €",,https://static.carrefour.es/hd_280x_/supermercado/bcc_static/catalogImages/product/776730/776730.jpg,"<img aria-describedby=""product-768405799"" alt=""Patatas fritas clásicas Carrefour 1 kg."" src=""https://static.carrefour.es/hd_280x_/supermercado/bcc_static/catalogImages/product/776730/776730.jpg"" srcset=""https://static.carrefour.es/hd_560x_/supermercado/bcc_static/catalogImages/product/776730/776730.jpg"" width=""100%""> <p class=""title-product"">
Patatas fritas clásicas Carrefour 1 kg.</p>"
Calabacín en dados congelado Carrefour 450 g.,"450 g. |
2,33 €/kg",,"1,05 €",,https://static.carrefour.es/hd_280x_/supermercado/bcc_static/catalogImages/product/391653/391653.jpg,"<img aria-describedby=""product-prod860642"" alt=""Calabacín en dados congelado Carrefour 450 g."" src=""https://static.carrefour.es/hd_280x_/supermercado/bcc_static/catalogImages/product/391653/391653.jpg"" srcset=""https://static.carrefour.es/hd_560x_/supermercado/bcc_static/catalogImages/product/391653/391653.jpg"" width=""100%""> <p class=""title-product"">
Calabacín en dados congelado Carrefour 450 g.</p>"
Calabaza en dados Carrefour 600 g.,"600 g. |
2,28 €/kg",,"1,37 €",,https://static.carrefour.es/hd_280x_/supermercado/bcc_static/catalogImages/product/824778/824778.jpg,"<img aria-describedby=""product-prod450028"" alt=""Calabaza en dados Carrefour 600 g."" src=""https://static.carrefour.es/hd_280x_/supermercado/bcc_static/catalogImages/product/824778/824778.jpg"" srcset=""https://static.carrefour.es/hd_560x_/supermercado/bcc_static/catalogImages/product/824778/824778.jpg"" width=""100%""> <p class=""title-product"">
Calabaza en dados Carrefour 600 g.</p>"
Judías verdes planas Findus 1 kg.,"1 kg. |
3,30 €/kg",,"3,30 €",,https://static.carrefour.es/hd_280x_/supermercado/bcc_static/catalogImages/product/435058/435058.jpg,"<img aria-describedby=""product-712515239"" alt=""Judías verdes planas Findus 1 kg."" src=""https://static.carrefour.es/hd_280x_/supermercado/bcc_static/catalogImages/product/435058/435058.jpg"" srcset=""https://static.carrefour.es/hd_560x_/supermercado/bcc_static/catalogImages/product/435058/435058.jpg"" width=""100%""> <p class=""title-product"">
Judías verdes planas Findus 1 kg.</p>"
Espinacas cortadas en porciones Carrefour 400 g.,"400 g. |
1,68 €/kg",,"0,67 €",,https://static.carrefour.es/hd_280x_/supermercado/bcc_static/catalogImages/product/831069/831069.jpg,"<img aria-describedby=""product-prod490286"" alt=""Espinacas cortadas en porciones Carrefour 400 g."" src=""https://static.carrefour.es/hd_280x_/supermercado/bcc_static/catalogImages/product/831069/831069.jpg"" srcset=""https://static.carrefour.es/hd_560x_/supermercado/bcc_static/catalogImages/product/831069/831069.jpg"" width=""100%""> <p class=""title-product"">
Espinacas cortadas en porciones Carrefour 400 g.</p>"
Zanahoria baby Carrefour 400 g.,"400 g. |
1,95 €/kg",,"0,78 €",,https://static.carrefour.es/hd_280x_/supermercado/bcc_static/catalogImages/product/673512/673512.png,"<img aria-describedby=""product-521031626"" alt=""Zanahoria baby Carrefour 400 g."" src=""https://static.carrefour.es/hd_280x_/supermercado/bcc_static/catalogImages/product/673512/673512.png"" srcset=""https://static.carrefour.es/hd_560x_/supermercado/bcc_static/catalogImages/product/673512/673512.png"" width=""100%""> <p class=""title-product"">
Zanahoria baby Carrefour 400 g.</p>"
Espinacas en hojas Findus 1 kg.,"1 kg. |
3,30 €/kg",,"3,30 €",,https://static.carrefour.es/hd_280x_/supermercado/bcc_static/catalogImages/product/435038/435038.jpg,"<img aria-describedby=""product-714518114"" alt=""Espinacas en hojas Findus 1 kg."" src=""https://static.carrefour.es/hd_280x_/supermercado/bcc_static/catalogImages/product/435038/435038.jpg"" srcset=""https://static.carrefour.es/hd_560x_/supermercado/bcc_static/catalogImages/product/435038/435038.jpg"" width=""100%""> <p class=""title-product"">
Espinacas en hojas Findus 1 kg.</p>"
Cortes de alcachofa Carrefour 400 g.,"400 g. |
4,38 €/kg",,"1,75 €",,https://static.carrefour.es/hd_280x_/supermercado/bcc_static/catalogImages/product/672976/672976.png,"<img aria-describedby=""product-530014605"" alt=""Cortes de alcachofa Carrefour 400 g."" src=""https://static.carrefour.es/hd_280x_/supermercado/bcc_static/catalogImages/product/672976/672976.png"" srcset=""https://static.carrefour.es/hd_560x_/supermercado/bcc_static/catalogImages/product/672976/672976.png"" width=""100%""> <p class=""title-product"">
Cortes de alcachofa Carrefour 400 g.</p>"
Patatas prefritas con piel Carrefour 600 g.,"600 g. |
1,67 €/kg",,"1,00 €",,https://static.carrefour.es/hd_280x_/supermercado/bcc_static/catalogImages/product/688195/688195.png,"<img aria-describedby=""product-521031642"" alt=""Patatas prefritas con piel Carrefour 600 g."" src=""https://static.carrefour.es/hd_280x_/supermercado/bcc_static/catalogImages/product/688195/688195.png"" srcset=""https://static.carrefour.es/hd_560x_/supermercado/bcc_static/catalogImages/product/688195/688195.png"" width=""100%""> <p class=""title-product"">
Patatas prefritas con piel Carrefour 600 g.</p>"
Patatas fritas superfinas Carrefour 600 g.,"600 g. |
1,38 €/kg",,"0,83 €",,https://static.carrefour.es/hd_280x_/supermercado/bcc_static/catalogImages/product/032292/032292.png,"<img aria-describedby=""product-677401667"" alt=""Patatas fritas superfinas Carrefour 600 g."" src=""https://static.carrefour.es/hd_280x_/supermercado/bcc_static/catalogImages/product/032292/032292.png"" srcset=""https://static.carrefour.es/hd_560x_/supermercado/bcc_static/catalogImages/product/032292/032292.png"" width=""100%""> <p class=""title-product"">
Patatas fritas superfinas Carrefour 600 g.</p>"
,,,,,,
Coles de Bruselas Carrefour 450 g.,"450 g. |
1,78 €/kg",,"0,80 €",,https://static.carrefour.es/hd_280x_/supermercado/bcc_static/catalogImages/product/673181/673181.png,"<img aria-describedby=""product-521031628"" alt=""Coles de Bruselas Carrefour 450 g."" src=""https://static.carrefour.es/hd_280x_/supermercado/bcc_static/catalogImages/product/673181/673181.png"" srcset=""https://static.carrefour.es/hd_560x_/supermercado/bcc_static/catalogImages/product/673181/673181.png"" width=""100%""> <p class=""title-product"">
Coles de Bruselas Carrefour 450 g.</p>"
Espinacas cortada ecológicas Carrefour Bio 600 g.,"600 g. |
3,42 €/kg",,"2,05 €",,https://static.carrefour.es/hd_280x_/supermercado/bcc_static/catalogImages/product/810006/810006.png,"<img aria-describedby=""product-635101973"" alt=""Espinacas cortada ecológicas Carrefour Bio 600 g."" src=""https://static.carrefour.es/hd_280x_/supermercado/bcc_static/catalogImages/product/810006/810006.png"" srcset=""https://static.carrefour.es/hd_560x_/supermercado/bcc_static/catalogImages/product/810006/810006.png"" width=""100%""> <p class=""title-product"">
Espinacas cortada ecológicas Carrefour Bio 600 g.</p>"
Ensaladilla congelada Findus 1 kg.,"1 kg. |
3,30 €/kg",,"3,30 €",,https://static.carrefour.es/hd_280x_/supermercado/bcc_static/catalogImages/product/435026/435026.jpg,"<img aria-describedby=""product-712515227"" alt=""Ensaladilla congelada Findus 1 kg."" src=""https://static.carrefour.es/hd_280x_/supermercado/bcc_static/catalogImages/product/435026/435026.jpg"" srcset=""https://static.carrefour.es/hd_560x_/supermercado/bcc_static/catalogImages/product/435026/435026.jpg"" width=""100%""> <p class=""title-product"">
Ensaladilla congelada Findus 1 kg.</p>"
Habas baby Carrefour 200 g.,"200 g. |
4,05 €/kg",,"0,81 €",,https://static.carrefour.es/hd_280x_/supermercado/bcc_static/catalogImages/product/231894/231894.png,"<img aria-describedby=""product-521031559"" alt=""Habas baby Carrefour 200 g."" src=""https://static.carrefour.es/hd_280x_/supermercado/bcc_static/catalogImages/product/231894/231894.png"" srcset=""https://static.carrefour.es/hd_560x_/supermercado/bcc_static/catalogImages/product/231894/231894.png"" width=""100%""> <p class=""title-product"">
Habas baby Carrefour 200 g.</p>"
Guisante fino Findus 400 g.,"400 g. |
4,00 €/kg",,"1,60 €",,https://static.carrefour.es/hd_280x_/supermercado/bcc_static/catalogImages/product/667947/667947.jpg,"<img aria-describedby=""product-617901853"" alt=""Guisante fino Findus 400 g."" src=""https://static.carrefour.es/hd_280x_/supermercado/bcc_static/catalogImages/product/667947/667947.jpg"" srcset=""https://static.carrefour.es/hd_560x_/supermercado/bcc_static/catalogImages/product/667947/667947.jpg"" width=""100%""> <p class=""title-product"">
Guisante fino Findus 400 g.</p>"
Patatas fritas golden long Mc Cain 1 kg.,"1 kg. |
2,70 €/kg",,"2,70 €",,https://static.carrefour.es/hd_280x_/supermercado/bcc_static/catalogImages/product/216058/216058.jpg,"<img aria-describedby=""product-530014441"" alt=""Patatas fritas golden long Mc Cain 1 kg."" src=""https://static.carrefour.es/hd_280x_/supermercado/bcc_static/catalogImages/product/216058/216058.jpg"" srcset=""https://static.carrefour.es/hd_560x_/supermercado/bcc_static/catalogImages/product/216058/216058.jpg"" width=""100%""> <p class=""title-product"">
Patatas fritas golden long Mc Cain 1 kg.</p>"
Perejil ultracongelado Carrefour 100 g.,"100 g. |
11,00 €/kg",,"1,10 €",,https://static.carrefour.es/hd_280x_/supermercado/bcc_static/catalogImages/product/262539/262539.jpg,"<img aria-describedby=""product-prod210275"" alt=""Perejil ultracongelado Carrefour 100 g."" src=""https://static.carrefour.es/hd_280x_/supermercado/bcc_static/catalogImages/product/262539/262539.jpg"" srcset=""https://static.carrefour.es/hd_560x_/supermercado/bcc_static/catalogImages/product/262539/262539.jpg"" width=""100%""> <p class=""title-product"">
Perejil ultracongelado Carrefour 100 g.</p>"
Judías verdes troceadas Findus 1 kg.,"1 kg. |
3,30 €/kg",,"3,30 €",,https://static.carrefour.es/hd_280x_/supermercado/bcc_static/catalogImages/product/435059/435059.jpg,"<img aria-describedby=""product-712515241"" alt=""Judías verdes troceadas Findus 1 kg."" src=""https://static.carrefour.es/hd_280x_/supermercado/bcc_static/catalogImages/product/435059/435059.jpg"" srcset=""https://static.carrefour.es/hd_560x_/supermercado/bcc_static/catalogImages/product/435059/435059.jpg"" width=""100%""> <p class=""title-product"">
Judías verdes troceadas Findus 1 kg.</p>"
Menestra especial de verduras Carrefour 1 kg.,"1 kg. |
1,99 €/kg",,"1,99 €",,https://static.carrefour.es/hd_280x_/supermercado/bcc_static/catalogImages/product/454494/454494.png,"<img aria-describedby=""product-717101863"" alt=""Menestra especial de verduras Carrefour 1 kg."" src=""https://static.carrefour.es/hd_280x_/supermercado/bcc_static/catalogImages/product/454494/454494.png"" srcset=""https://static.carrefour.es/hd_560x_/supermercado/bcc_static/catalogImages/product/454494/454494.png"" width=""100%""> <p class=""title-product"">
Menestra especial de verduras Carrefour 1 kg.</p>"
Mix 3 verduras Carrefour 600 g.,"600 g. |
1,85 €/kg",,"1,11 €",,https://static.carrefour.es/hd_280x_/supermercado/bcc_static/catalogImages/product/989389/989389.jpg,"<img aria-describedby=""product-prod780599"" alt=""Mix 3 verduras Carrefour 600 g."" src=""https://static.carrefour.es/hd_280x_/supermercado/bcc_static/catalogImages/product/989389/989389.jpg"" srcset=""https://static.carrefour.es/hd_560x_/supermercado/bcc_static/catalogImages/product/989389/989389.jpg"" width=""100%""> <p class=""title-product"">
Mix 3 verduras Carrefour 600 g.</p>"
Selección de setas enteras Findus 300 g.,"300 g. |
8,50 €/kg",,"2,55 €",,https://static.carrefour.es/hd_280x_/supermercado/bcc_static/catalogImages/product/097954/097954.jpg,"<img aria-describedby=""product-699205208"" alt=""Selección de setas enteras Findus 300 g."" src=""https://static.carrefour.es/hd_280x_/supermercado/bcc_static/catalogImages/product/097954/097954.jpg"" srcset=""https://static.carrefour.es/hd_560x_/supermercado/bcc_static/catalogImages/product/097954/097954.jpg"" width=""100%""> <p class=""title-product"">
Selección de setas enteras Findus 300 g.</p>"
Verduras al vapor Findus 350 g.,"350 g. |
6,29 €/kg",,"2,20 €",,https://static.carrefour.es/hd_280x_/supermercado/bcc_static/catalogImages/product/885126/885126.jpg,"<img aria-describedby=""product-789830366"" alt=""Verduras al vapor Findus 350 g."" src=""https://static.carrefour.es/hd_280x_/supermercado/bcc_static/catalogImages/product/885126/885126.jpg"" srcset=""https://static.carrefour.es/hd_560x_/supermercado/bcc_static/catalogImages/product/885126/885126.jpg"" width=""100%""> <p class=""title-product"">
Verduras al vapor Findus 350 g.</p>"
Acelgas en hoja Carrefour 400 g.,"400 g. |
1,70 €/kg",,"0,68 €",,https://static.carrefour.es/hd_280x_/supermercado/bcc_static/catalogImages/product/231889/231889.png,"<img aria-describedby=""product-521031620"" alt=""Acelgas en hoja Carrefour 400 g."" src=""https://static.carrefour.es/hd_280x_/supermercado/bcc_static/catalogImages/product/231889/231889.png"" srcset=""https://static.carrefour.es/hd_560x_/supermercado/bcc_static/catalogImages/product/231889/231889.png"" width=""100%""> <p class=""title-product"">
Acelgas en hoja Carrefour 400 g.</p>"
Espárragos verdes enteros Carrefour 200 g.,"200 g. |
10,25 €/kg",,"2,05 €",,https://static.carrefour.es/hd_280x_/supermercado/bcc_static/catalogImages/product/231879/231879.png,"<img aria-describedby=""product-521031622"" alt=""Espárragos verdes enteros Carrefour 200 g."" src=""https://static.carrefour.es/hd_280x_/supermercado/bcc_static/catalogImages/product/231879/231879.png"" srcset=""https://static.carrefour.es/hd_560x_/supermercado/bcc_static/catalogImages/product/231879/231879.png"" width=""100%""> <p class=""title-product"">
Espárragos verdes enteros Carrefour 200 g.</p>"
Maíz dulce en grano Carrefour 400 g.,"400 g. |
1,92 €/kg",,"0,77 €",,https://static.carrefour.es/hd_280x_/supermercado/bcc_static/catalogImages/product/231899/231899.jpg,"<img aria-describedby=""product-521031571"" alt=""Maíz dulce en grano Carrefour 400 g."" src=""https://static.carrefour.es/hd_280x_/supermercado/bcc_static/catalogImages/product/231899/231899.jpg"" srcset=""https://static.carrefour.es/hd_560x_/supermercado/bcc_static/catalogImages/product/231899/231899.jpg"" width=""100%""> <p class=""title-product"">
Maíz dulce en grano Carrefour 400 g.</p>"
Alcachofas baby Carrefour 300 g.,"300 g. |
8,83 €/kg",,"2,65 €",,https://static.carrefour.es/hd_280x_/supermercado/bcc_static/catalogImages/product/306852/306852.png,"<img aria-describedby=""product-589702174"" alt=""Alcachofas baby Carrefour 300 g."" src=""https://static.carrefour.es/hd_280x_/supermercado/bcc_static/catalogImages/product/306852/306852.png"" srcset=""https://static.carrefour.es/hd_560x_/supermercado/bcc_static/catalogImages/product/306852/306852.png"" width=""100%""> <p class=""title-product"">
Alcachofas baby Carrefour 300 g.</p>"
Patatas en dados Carrefour 450 g.,"450 g. |
1,76 €/kg",,"0,79 €",,https://static.carrefour.es/hd_280x_/supermercado/bcc_static/catalogImages/product/924573/924573.png,"<img aria-describedby=""product-805726789"" alt=""Patatas en dados Carrefour 450 g."" src=""https://static.carrefour.es/hd_280x_/supermercado/bcc_static/catalogImages/product/924573/924573.png"" srcset=""https://static.carrefour.es/hd_560x_/supermercado/bcc_static/catalogImages/product/924573/924573.png"" width=""100%""> <p class=""title-product"">
Patatas en dados Carrefour 450 g.</p>"
Espinaca cortada Findus 400 g.,"400 g. |
3,90 €/kg",,"1,56 €",,https://static.carrefour.es/hd_280x_/supermercado/bcc_static/catalogImages/product/668366/668366.jpg,"<img aria-describedby=""product-617901861"" alt=""Espinaca cortada Findus 400 g."" src=""https://static.carrefour.es/hd_280x_/supermercado/bcc_static/catalogImages/product/668366/668366.jpg"" srcset=""https://static.carrefour.es/hd_560x_/supermercado/bcc_static/catalogImages/product/668366/668366.jpg"" width=""100%""> <p class=""title-product"">
Espinaca cortada Findus 400 g.</p>"
Patatas fritas para horno ecológicas Carrefour Bio 600 g.,"600 g. |
4,50 €/kg",,"2,70 €",,https://static.carrefour.es/hd_280x_/supermercado/bcc_static/catalogImages/product/212663/212663.jpg,"<img aria-describedby=""product-prod1161111"" alt=""Patatas fritas para horno ecológicas Carrefour Bio 600 g."" src=""https://static.carrefour.es/hd_280x_/supermercado/bcc_static/catalogImages/product/212663/212663.jpg"" srcset=""https://static.carrefour.es/hd_560x_/supermercado/bcc_static/catalogImages/product/212663/212663.jpg"" width=""100%""> <p class=""title-product"">
Patatas fritas para horno ecológicas Carrefour Bio 600 g.</p>"
Albahaca Carrefour 50 g.,"50 g. |
22,00 €/kg",,"1,10 €",,https://static.carrefour.es/hd_280x_/supermercado/bcc_static/catalogImages/product/262596/262596.jpg,"<img aria-describedby=""product-prod210243"" alt=""Albahaca Carrefour 50 g."" src=""https://static.carrefour.es/hd_280x_/supermercado/bcc_static/catalogImages/product/262596/262596.jpg"" srcset=""https://static.carrefour.es/hd_560x_/supermercado/bcc_static/catalogImages/product/262596/262596.jpg"" width=""100%""> <p class=""title-product"">
Albahaca Carrefour 50 g.</p>"
Judías verdes extra finas Carrefour 750 g.,"750 g. |
2,39 €/kg",,"1,79 €",,https://static.carrefour.es/hd_280x_/supermercado/bcc_static/catalogImages/product/266386/266386.jpg,"<img aria-describedby=""product-fprod1220036"" alt=""Judías verdes extra finas Carrefour 750 g."" src=""https://static.carrefour.es/hd_280x_/supermercado/bcc_static/catalogImages/product/266386/266386.jpg"" srcset=""https://static.carrefour.es/hd_560x_/supermercado/bcc_static/catalogImages/product/266386/266386.jpg"" width=""100%""> <p class=""title-product"">
Judías verdes extra finas Carrefour 750 g.</p>"
Patatas fritas clásicas Carrefour 600 g.,"600 g. |
1,83 €/kg",,"1,10 €",,https://static.carrefour.es/hd_280x_/supermercado/bcc_static/catalogImages/product/924179/924179.png,"<img aria-describedby=""product-805525733"" alt=""Patatas fritas clásicas Carrefour 600 g."" src=""https://static.carrefour.es/hd_280x_/supermercado/bcc_static/catalogImages/product/924179/924179.png"" srcset=""https://static.carrefour.es/hd_560x_/supermercado/bcc_static/catalogImages/product/924179/924179.png"" width=""100%""> <p class=""title-product"">
Patatas fritas clásicas Carrefour 600 g.</p>"
Verduras para sofrito Findus 250 g.,"250 g. |
7,40 €/kg",,"1,85 €",,https://static.carrefour.es/hd_280x_/supermercado/bcc_static/catalogImages/product/114032/114032.jpg,"<img aria-describedby=""product-858605739"" alt=""Verduras para sofrito Findus 250 g."" src=""https://static.carrefour.es/hd_280x_/supermercado/bcc_static/catalogImages/product/114032/114032.jpg"" srcset=""https://static.carrefour.es/hd_560x_/supermercado/bcc_static/catalogImages/product/114032/114032.jpg"" width=""100%""> <p class=""title-product"">
Verduras para sofrito Findus 250 g.</p>"
Verduras para wok Findus 400 g.,"400 g. |
6,00 €/kg",,"2,40 €",,https://static.carrefour.es/hd_280x_/supermercado/bcc_static/catalogImages/product/909007/909007.jpg,"<img aria-describedby=""product-804031903"" alt=""Verduras para wok Findus 400 g."" src=""https://static.carrefour.es/hd_280x_/supermercado/bcc_static/catalogImages/product/909007/909007.jpg"" srcset=""https://static.carrefour.es/hd_560x_/supermercado/bcc_static/catalogImages/product/909007/909007.jpg"" width=""100%""> <p class=""title-product"">
Verduras para wok Findus 400 g.</p>"
,,,,,,
Brócoli Findus 750 g.,"750 g. |
4,53 €/kg",,"3,40 €",,https://static.carrefour.es/hd_280x_/supermercado/bcc_static/catalogImages/product/668395/668395.jpg,"<img aria-describedby=""product-617901867"" alt=""Brócoli Findus 750 g."" src=""https://static.carrefour.es/hd_280x_/supermercado/bcc_static/catalogImages/product/668395/668395.jpg"" srcset=""https://static.carrefour.es/hd_560x_/supermercado/bcc_static/catalogImages/product/668395/668395.jpg"" width=""100%""> <p class=""title-product"">
Brócoli Findus 750 g.</p>"
Patata tradicional Mc Cain 1 kg.,"1 kg. |
2,65 €/kg",,"2,65 €",,https://static.carrefour.es/hd_280x_/supermercado/bcc_static/catalogImages/product/216056/216056.jpg,"<img aria-describedby=""product-794041144"" alt=""Patata tradicional Mc Cain 1 kg."" src=""https://static.carrefour.es/hd_280x_/supermercado/bcc_static/catalogImages/product/216056/216056.jpg"" srcset=""https://static.carrefour.es/hd_560x_/supermercado/bcc_static/catalogImages/product/216056/216056.jpg"" width=""100%""> <p class=""title-product"">
Patata tradicional Mc Cain 1 kg.</p>"
Yuca congelada el dorado 500 g.,"500 g. |
4,50 €/kg",,"2,25 €",,https://static.carrefour.es/hd_280x_/supermercado/bcc_static/catalogImages/product/534802/534802.png,"<img aria-describedby=""product-590507608"" alt=""Yuca congelada el dorado 500 g."" src=""https://static.carrefour.es/hd_280x_/supermercado/bcc_static/catalogImages/product/534802/534802.png"" srcset=""https://static.carrefour.es/hd_560x_/supermercado/bcc_static/catalogImages/product/534802/534802.png"" width=""100%""> <p class=""title-product"">
Yuca congelada el dorado 500 g.</p>"
Letras de patata Carrefour 600 g.,"600 g. |
2,72 €/kg",,"1,63 €",,https://static.carrefour.es/hd_280x_/supermercado/bcc_static/catalogImages/product/402533/402533.png,"<img aria-describedby=""product-611401637"" alt=""Letras de patata Carrefour 600 g."" src=""https://static.carrefour.es/hd_280x_/supermercado/bcc_static/catalogImages/product/402533/402533.png"" srcset=""https://static.carrefour.es/hd_560x_/supermercado/bcc_static/catalogImages/product/402533/402533.png"" width=""100%""> <p class=""title-product"">
Letras de patata Carrefour 600 g.</p>"
Patatas para hacer al horno Carrefour 600 g.,"600 g. |
3,33 €/kg",,"2,00 €",,https://static.carrefour.es/hd_280x_/supermercado/bcc_static/catalogImages/product/174148/174148.jpg,"<img aria-describedby=""product-869308370"" alt=""Patatas para hacer al horno Carrefour 600 g."" src=""https://static.carrefour.es/hd_280x_/supermercado/bcc_static/catalogImages/product/174148/174148.jpg"" srcset=""https://static.carrefour.es/hd_560x_/supermercado/bcc_static/catalogImages/product/174148/174148.jpg"" width=""100%""> <p class=""title-product"">
Patatas para hacer al horno Carrefour 600 g.</p>"
Menestra de la huerta Findus 750 g.,"750 g. |
4,67 €/kg",,"3,50 €",,https://static.carrefour.es/hd_280x_/supermercado/bcc_static/catalogImages/product/576723/576723.jpg,"<img aria-describedby=""product-521034956"" alt=""Menestra de la huerta Findus 750 g."" src=""https://static.carrefour.es/hd_280x_/supermercado/bcc_static/catalogImages/product/576723/576723.jpg"" srcset=""https://static.carrefour.es/hd_560x_/supermercado/bcc_static/catalogImages/product/576723/576723.jpg"" width=""100%""> <p class=""title-product"">
Menestra de la huerta Findus 750 g.</p>"
Salteado de verduras especial wok Grand Krust 350 g.,"350 g. |
8,71 €/kg",,"3,05 €",,https://static.carrefour.es/hd_280x_/supermercado/bcc_static/catalogImages/product/953531/953531.png,"<img aria-describedby=""product-820614064"" alt=""Salteado de verduras especial wok Grand Krust 350 g."" src=""https://static.carrefour.es/hd_280x_/supermercado/bcc_static/catalogImages/product/953531/953531.png"" srcset=""https://static.carrefour.es/hd_560x_/supermercado/bcc_static/catalogImages/product/953531/953531.png"" width=""100%""> <p class=""title-product"">
Salteado de verduras especial wok Grand Krust 350 g.</p>"
Guisantes y zanahorias Carrefour 600 g.,"600 g. |
2,63 €/kg",,"1,58 €",,https://static.carrefour.es/hd_280x_/supermercado/bcc_static/catalogImages/product/220394/220394.jpg,"<img aria-describedby=""product-fprod1180274"" alt=""Guisantes y zanahorias Carrefour 600 g."" src=""https://static.carrefour.es/hd_280x_/supermercado/bcc_static/catalogImages/product/220394/220394.jpg"" srcset=""https://static.carrefour.es/hd_560x_/supermercado/bcc_static/catalogImages/product/220394/220394.jpg"" width=""100%""> <p class=""title-product"">
Guisantes y zanahorias Carrefour 600 g.</p>"
Patatas corte para bravas Carrefour 750 g.,"750 g. |
1,47 €/kg",,"1,10 €",,https://static.carrefour.es/hd_280x_/supermercado/bcc_static/catalogImages/product/278919/278919.png,"<img aria-describedby=""product-522714762"" alt=""Patatas corte para bravas Carrefour 750 g."" src=""https://static.carrefour.es/hd_280x_/supermercado/bcc_static/catalogImages/product/278919/278919.png"" srcset=""https://static.carrefour.es/hd_560x_/supermercado/bcc_static/catalogImages/product/278919/278919.png"" width=""100%""> <p class=""title-product"">
Patatas corte para bravas Carrefour 750 g.</p>"
Patatas rejilla condimentadas Carrefour 600 g.,"600 g. |
2,98 €/kg",,"1,79 €",,https://static.carrefour.es/hd_280x_/supermercado/bcc_static/catalogImages/product/824773/824773.jpg,"<img aria-describedby=""product-prod450030"" alt=""Patatas rejilla condimentadas Carrefour 600 g."" src=""https://static.carrefour.es/hd_280x_/supermercado/bcc_static/catalogImages/product/824773/824773.jpg"" srcset=""https://static.carrefour.es/hd_560x_/supermercado/bcc_static/catalogImages/product/824773/824773.jpg"" width=""100%""> <p class=""title-product"">
Patatas rejilla condimentadas Carrefour 600 g.</p>"
Habas babys Findus 400 g.,"400 g. |
8,62 €/kg",,"3,45 €",,https://static.carrefour.es/hd_280x_/supermercado/bcc_static/catalogImages/product/668602/668602.jpg,"<img aria-describedby=""product-617901901"" alt=""Habas babys Findus 400 g."" src=""https://static.carrefour.es/hd_280x_/supermercado/bcc_static/catalogImages/product/668602/668602.jpg"" srcset=""https://static.carrefour.es/hd_560x_/supermercado/bcc_static/catalogImages/product/668602/668602.jpg"" width=""100%""> <p class=""title-product"">
Habas babys Findus 400 g.</p>"
Guisantes con jamón Findus Verdeliss 450 g.,"450 g. |
6,11 €/kg",,"2,75 €",,https://static.carrefour.es/hd_280x_/supermercado/bcc_static/catalogImages/product/578586/578586.jpg,"<img aria-describedby=""product-521031539"" alt=""Guisantes con jamón Findus Verdeliss 450 g."" src=""https://static.carrefour.es/hd_280x_/supermercado/bcc_static/catalogImages/product/578586/578586.jpg"" srcset=""https://static.carrefour.es/hd_560x_/supermercado/bcc_static/catalogImages/product/578586/578586.jpg"" width=""100%""> <p class=""title-product"">
Guisantes con jamón Findus Verdeliss 450 g.</p>"
Patatas corte clásico Mc Cain 600 g.,"600 g. |
4,33 €/kg",,"2,60 €",,https://static.carrefour.es/hd_280x_/supermercado/bcc_static/catalogImages/product/926200/926200.jpg,"<img aria-describedby=""product-809710841"" alt=""Patatas corte clásico Mc Cain 600 g."" src=""https://static.carrefour.es/hd_280x_/supermercado/bcc_static/catalogImages/product/926200/926200.jpg"" srcset=""https://static.carrefour.es/hd_560x_/supermercado/bcc_static/catalogImages/product/926200/926200.jpg"" width=""100%""> <p class=""title-product"">
Patatas corte clásico Mc Cain 600 g.</p>"
Brócoli al vapor Carrefour 750 g.,"750 g. |
2,39 €/kg",,"1,79 €",,https://static.carrefour.es/hd_280x_/supermercado/bcc_static/catalogImages/product/266405/266405.jpg,"<img aria-describedby=""product-fprod1220045"" alt=""Brócoli al vapor Carrefour 750 g."" src=""https://static.carrefour.es/hd_280x_/supermercado/bcc_static/catalogImages/product/266405/266405.jpg"" srcset=""https://static.carrefour.es/hd_560x_/supermercado/bcc_static/catalogImages/product/266405/266405.jpg"" width=""100%""> <p class=""title-product"">
Brócoli al vapor Carrefour 750 g.</p>"
Patatas en dados ecológicas Carrefour Bio 600 g.,"600 g. |
4,50 €/kg",,"2,70 €",,https://static.carrefour.es/hd_280x_/supermercado/bcc_static/catalogImages/product/213449/213449.jpg,"<img aria-describedby=""product-prod1170059"" alt=""Patatas en dados ecológicas Carrefour Bio 600 g."" src=""https://static.carrefour.es/hd_280x_/supermercado/bcc_static/catalogImages/product/213449/213449.jpg"" srcset=""https://static.carrefour.es/hd_560x_/supermercado/bcc_static/catalogImages/product/213449/213449.jpg"" width=""100%""> <p class=""title-product"">
Patatas en dados ecológicas Carrefour Bio 600 g.</p>"
Verduras para crema y pure Findus 750 g.,"750 g. |
3,53 €/kg",,"2,65 €",,https://static.carrefour.es/hd_280x_/supermercado/bcc_static/catalogImages/product/056610/056610.jpg,"<img aria-describedby=""product-526500914"" alt=""Verduras para crema y pure Findus 750 g."" src=""https://static.carrefour.es/hd_280x_/supermercado/bcc_static/catalogImages/product/056610/056610.jpg"" srcset=""https://static.carrefour.es/hd_560x_/supermercado/bcc_static/catalogImages/product/056610/056610.jpg"" width=""100%""> <p class=""title-product"">
Verduras para crema y pure Findus 750 g.</p>"
Verduras al vapor Campesina Findus 350 g.,"350 g. |
6,54 €/kg",,"2,29 €",,https://static.carrefour.es/hd_280x_/supermercado/bcc_static/catalogImages/product/970392/970392.png,"<img aria-describedby=""product-835263268"" alt=""Verduras al vapor Campesina Findus 350 g."" src=""https://static.carrefour.es/hd_280x_/supermercado/bcc_static/catalogImages/product/970392/970392.png"" srcset=""https://static.carrefour.es/hd_560x_/supermercado/bcc_static/catalogImages/product/970392/970392.png"" width=""100%""> <p class=""title-product"">
Verduras al vapor Campesina Findus 350 g.</p>"
Patatas congeladas 'Kid Smile' Mc Cain 600 g.,"600 g. |
5,08 €/kg",,"3,05 €",,https://static.carrefour.es/hd_280x_/supermercado/bcc_static/catalogImages/product/043920/043920.png,"<img aria-describedby=""product-521033712"" alt=""Patatas congeladas 'Kid Smile' Mc Cain 600 g."" src=""https://static.carrefour.es/hd_280x_/supermercado/bcc_static/catalogImages/product/043920/043920.png"" srcset=""https://static.carrefour.es/hd_560x_/supermercado/bcc_static/catalogImages/product/043920/043920.png"" width=""100%""> <p class=""title-product"">
Patatas congeladas 'Kid Smile' Mc Cain 600 g.</p>"
4 estaciones al vapor Findus 400 g.,"400 g. |
5,72 €/kg",,"2,29 €",,https://static.carrefour.es/hd_280x_/supermercado/bcc_static/catalogImages/product/885123/885123.jpg,"<img aria-describedby=""product-789830360"" alt=""4 estaciones al vapor Findus 400 g."" src=""https://static.carrefour.es/hd_280x_/supermercado/bcc_static/catalogImages/product/885123/885123.jpg"" srcset=""https://static.carrefour.es/hd_560x_/supermercado/bcc_static/catalogImages/product/885123/885123.jpg"" width=""100%""> <p class=""title-product"">
4 estaciones al vapor Findus 400 g.</p>"
Guisantes finos al vapor Findus 400 g.,"400 g. |
5,75 €/kg",,"2,30 €",,https://static.carrefour.es/hd_280x_/supermercado/bcc_static/catalogImages/product/885121/885121.jpg,"<img aria-describedby=""product-789830358"" alt=""Guisantes finos al vapor Findus 400 g."" src=""https://static.carrefour.es/hd_280x_/supermercado/bcc_static/catalogImages/product/885121/885121.jpg"" srcset=""https://static.carrefour.es/hd_560x_/supermercado/bcc_static/catalogImages/product/885121/885121.jpg"" width=""100%""> <p class=""title-product"">
Guisantes finos al vapor Findus 400 g.</p>"
Patatas Mediterrean Mc Cain 750 g.,"750 g. |
3,33 €/kg",,"2,50 €",,https://static.carrefour.es/hd_280x_/supermercado/bcc_static/catalogImages/product/926199/926199.jpg,"<img aria-describedby=""product-809710839"" alt=""Patatas Mediterrean Mc Cain 750 g."" src=""https://static.carrefour.es/hd_280x_/supermercado/bcc_static/catalogImages/product/926199/926199.jpg"" srcset=""https://static.carrefour.es/hd_560x_/supermercado/bcc_static/catalogImages/product/926199/926199.jpg"" width=""100%""> <p class=""title-product"">
Patatas Mediterrean Mc Cain 750 g.</p>"
"Patatas tradicional Mc Cain 2,5 kg.","2,5 kg. |
2,50 €/kg",,"6,25 €",,https://static.carrefour.es/hd_280x_/supermercado/bcc_static/catalogImages/product/895919/895919.jpg,"<img aria-describedby=""product-795411220"" alt=""Patatas tradicional Mc Cain 2,5 kg."" src=""https://static.carrefour.es/hd_280x_/supermercado/bcc_static/catalogImages/product/895919/895919.jpg"" srcset=""https://static.carrefour.es/hd_560x_/supermercado/bcc_static/catalogImages/product/895919/895919.jpg"" width=""100%""> <p class=""title-product"">
Patatas tradicional Mc Cain 2,5 kg.</p>"
Patatas fritas forno country Mc Cain 600 g.,"600 g. |
4,17 €/kg",,"2,50 €",,https://static.carrefour.es/hd_280x_/supermercado/bcc_static/catalogImages/product/888091/888091.jpg,"<img aria-describedby=""product-791842998"" alt=""Patatas fritas forno country Mc Cain 600 g."" src=""https://static.carrefour.es/hd_280x_/supermercado/bcc_static/catalogImages/product/888091/888091.jpg"" srcset=""https://static.carrefour.es/hd_560x_/supermercado/bcc_static/catalogImages/product/888091/888091.jpg"" width=""100%""> <p class=""title-product"">
Patatas fritas forno country Mc Cain 600 g.</p>"
Guisantes Carrefour 750 g.,"750 g. |
2,39 €/kg",,"1,79 €",,https://static.carrefour.es/hd_280x_/supermercado/bcc_static/catalogImages/product/266394/266394.jpg,"<img aria-describedby=""product-fprod1220038"" alt=""Guisantes Carrefour 750 g."" src=""https://static.carrefour.es/hd_280x_/supermercado/bcc_static/catalogImages/product/266394/266394.jpg"" srcset=""https://static.carrefour.es/hd_560x_/supermercado/bcc_static/catalogImages/product/266394/266394.jpg"" width=""100%""> <p class=""title-product"">
Guisantes Carrefour 750 g.</p>"
,,,,,,
Patatas barbacoa Mc Cain 750 g.,"750 g. |
3,40 €/kg",,"2,55 €",,https://static.carrefour.es/hd_280x_/supermercado/bcc_static/catalogImages/product/377341/377341.jpg,"<img aria-describedby=""product-prod850197"" alt=""Patatas barbacoa Mc Cain 750 g."" src=""https://static.carrefour.es/hd_280x_/supermercado/bcc_static/catalogImages/product/377341/377341.jpg"" srcset=""https://static.carrefour.es/hd_560x_/supermercado/bcc_static/catalogImages/product/377341/377341.jpg"" width=""100%""> <p class=""title-product"">
Patatas barbacoa Mc Cain 750 g.</p>"
Judía verde plana Findus 400 g.,"400 g. |
4,00 €/kg",,"1,60 €",,https://static.carrefour.es/hd_280x_/supermercado/bcc_static/catalogImages/product/667954/667954.jpg,"<img aria-describedby=""product-617901855"" alt=""Judía verde plana Findus 400 g."" src=""https://static.carrefour.es/hd_280x_/supermercado/bcc_static/catalogImages/product/667954/667954.jpg"" srcset=""https://static.carrefour.es/hd_560x_/supermercado/bcc_static/catalogImages/product/667954/667954.jpg"" width=""100%""> <p class=""title-product"">
Judía verde plana Findus 400 g.</p>"
Patatas fritas finisimas Findus 1 kg.,"1 kg. |
2,65 €/kg",,"2,65 €",,https://static.carrefour.es/hd_280x_/supermercado/bcc_static/catalogImages/product/947049/947049.png,"<img aria-describedby=""product-819256088"" alt=""Patatas fritas finisimas Findus 1 kg."" src=""https://static.carrefour.es/hd_280x_/supermercado/bcc_static/catalogImages/product/947049/947049.png"" srcset=""https://static.carrefour.es/hd_560x_/supermercado/bcc_static/catalogImages/product/947049/947049.png"" width=""100%""> <p class=""title-product"">
Patatas fritas finisimas Findus 1 kg.</p>"
Patatas Bravas Mc Cain 750 g.,"750 g. |
3,33 €/kg",,"2,50 €",,https://static.carrefour.es/hd_280x_/supermercado/bcc_static/catalogImages/product/500294/500294.jpg,"<img aria-describedby=""product-521031648"" alt=""Patatas Bravas Mc Cain 750 g."" src=""https://static.carrefour.es/hd_280x_/supermercado/bcc_static/catalogImages/product/500294/500294.jpg"" srcset=""https://static.carrefour.es/hd_560x_/supermercado/bcc_static/catalogImages/product/500294/500294.jpg"" width=""100%""> <p class=""title-product"">
Patatas Bravas Mc Cain 750 g.</p>"
Patatas steakhouse Mc Cain 750 g.,"750 g. |
4,07 €/kg",,"3,05 €",,https://static.carrefour.es/hd_280x_/supermercado/bcc_static/catalogImages/product/376275/376275.jpg,"<img aria-describedby=""product-prod850177"" alt=""Patatas steakhouse Mc Cain 750 g."" src=""https://static.carrefour.es/hd_280x_/supermercado/bcc_static/catalogImages/product/376275/376275.jpg"" srcset=""https://static.carrefour.es/hd_560x_/supermercado/bcc_static/catalogImages/product/376275/376275.jpg"" width=""100%""> <p class=""title-product"">
Patatas steakhouse Mc Cain 750 g.</p>"
Patatas al corte tradicional Findus 1 kg.,"1 kg. |
2,65 €/kg",,"2,65 €",,https://static.carrefour.es/hd_280x_/supermercado/bcc_static/catalogImages/product/947052/947052.png,"<img aria-describedby=""product-819256090"" alt=""Patatas al corte tradicional Findus 1 kg."" src=""https://static.carrefour.es/hd_280x_/supermercado/bcc_static/catalogImages/product/947052/947052.png"" srcset=""https://static.carrefour.es/hd_560x_/supermercado/bcc_static/catalogImages/product/947052/947052.png"" width=""100%""> <p class=""title-product"">
Patatas al corte tradicional Findus 1 kg.</p>"
Patatas Fry'n Dip Mc Cain 500 g.,"500 g. |
5,90 €/kg",,"2,95 €",,https://static.carrefour.es/hd_280x_/supermercado/bcc_static/catalogImages/product/839097/839097.jpg,"<img aria-describedby=""product-prod590387"" alt=""Patatas Fry'n Dip Mc Cain 500 g."" src=""https://static.carrefour.es/hd_280x_/supermercado/bcc_static/catalogImages/product/839097/839097.jpg"" srcset=""https://static.carrefour.es/hd_560x_/supermercado/bcc_static/catalogImages/product/839097/839097.jpg"" width=""100%""> <p class=""title-product"">
Patatas Fry'n Dip Mc Cain 500 g.</p>"
Patata Golden Long Mc Cain 2 kg.,"2 kg. |
3,80 €/kg",,"7,60 €",,https://static.carrefour.es/hd_280x_/supermercado/bcc_static/catalogImages/product/208604/208604.jpg,"<img aria-describedby=""product-654501686"" alt=""Patata Golden Long Mc Cain 2 kg."" src=""https://static.carrefour.es/hd_280x_/supermercado/bcc_static/catalogImages/product/208604/208604.jpg"" srcset=""https://static.carrefour.es/hd_560x_/supermercado/bcc_static/catalogImages/product/208604/208604.jpg"" width=""100%""> <p class=""title-product"">
Patata Golden Long Mc Cain 2 kg.</p>"
Choclo entero Minka 2 ud.,"2 ud. |
2,16 €/ud",,"4,32 €",,https://static.carrefour.es/hd_280x_/supermercado/bcc_static/catalogImages/product/888119/888119.png,"<img aria-describedby=""product-791843022"" alt=""Choclo entero Minka 2 ud."" src=""https://static.carrefour.es/hd_280x_/supermercado/bcc_static/catalogImages/product/888119/888119.png"" srcset=""https://static.carrefour.es/hd_560x_/supermercado/bcc_static/catalogImages/product/888119/888119.png"" width=""100%""> <p class=""title-product"">
Choclo entero Minka 2 ud.</p>"
Patatas bravas Findus 600 g.,"600 g. |
4,58 €/kg",,"2,75 €",,https://static.carrefour.es/hd_280x_/supermercado/bcc_static/catalogImages/product/947056/947056.png,"<img aria-describedby=""product-819256092"" alt=""Patatas bravas Findus 600 g."" src=""https://static.carrefour.es/hd_280x_/supermercado/bcc_static/catalogImages/product/947056/947056.png"" srcset=""https://static.carrefour.es/hd_560x_/supermercado/bcc_static/catalogImages/product/947056/947056.png"" width=""100%""> <p class=""title-product"">
Patatas bravas Findus 600 g.</p>"
Rocoto Minka 500 g.,"500 g. |
8,70 €/kg",,"4,35 €",,https://static.carrefour.es/hd_280x_/supermercado/bcc_static/catalogImages/product/897998/897998.png,"<img aria-describedby=""product-804031379"" alt=""Rocoto Minka 500 g."" src=""https://static.carrefour.es/hd_280x_/supermercado/bcc_static/catalogImages/product/897998/897998.png"" srcset=""https://static.carrefour.es/hd_560x_/supermercado/bcc_static/catalogImages/product/897998/897998.png"" width=""100%""> <p class=""title-product"">
Rocoto Minka 500 g.</p>"
,,,,,,