Title,kg price,Discounted Price,Actual Price,Actual Price 2,Image,Merchant Product Id HTML
Zanahorias  bolsa 1 kg,"1 Kg |
0,69 €/kg",,"0,69 €",,https://static.carrefour.es/hd_280x_/supermercado/bcc_static/catalogImages/product/050271/050271.jpg,"<img aria-describedby=""product-521032256"" alt=""Zanahorias  bolsa 1 kg"" src=""https://static.carrefour.es/hd_280x_/supermercado/bcc_static/catalogImages/product/050271/050271.jpg"" srcset=""https://static.carrefour.es/hd_560x_/supermercado/bcc_static/catalogImages/product/050271/050271.jpg"" width=""100%""> <p class=""title-product"">
Zanahorias  bolsa 1 kg</p>"
Calabacín  1 Kg,"Envase de 1000.0 g. aprox |
0,89 €/kg","0,89 €",,"0,99 €",https://static.carrefour.es/hd_280x_/supermercado/bcc_static/catalogImages/product/811364/811364.jpg,"<img aria-describedby=""product-636701855"" alt=""Calabacín  1 Kg"" src=""https://static.carrefour.es/hd_280x_/supermercado/bcc_static/catalogImages/product/811364/811364.jpg"" srcset=""https://static.carrefour.es/hd_560x_/supermercado/bcc_static/catalogImages/product/811364/811364.jpg"" width=""100%""> <p class=""title-product"">
Calabacín  1 Kg</p>"
Brocoli Carrefour 500 g,"500 g |
2,78 €/kg",,"1,39 €",,https://static.carrefour.es/hd_280x_/supermercado/bcc_static/catalogImages/product/078932/078932.jpg,"<img aria-describedby=""product-prod1000504"" alt=""Brocoli Carrefour 500 g"" src=""https://static.carrefour.es/hd_280x_/supermercado/bcc_static/catalogImages/product/078932/078932.jpg"" srcset=""https://static.carrefour.es/hd_560x_/supermercado/bcc_static/catalogImages/product/078932/078932.jpg"" width=""100%""> <p class=""title-product"">
Brocoli Carrefour 500 g</p>"
Puerro  manojo 3 pz 500 g,"500 g |
0,43 €/ud","1,29 €",,"1,72 €",https://static.carrefour.es/hd_280x_/supermercado/bcc_static/catalogImages/product/304172/304172.jpg,"<img aria-describedby=""product-521032287"" alt=""Puerro  manojo 3 pz 500 g"" src=""https://static.carrefour.es/hd_280x_/supermercado/bcc_static/catalogImages/product/304172/304172.jpg"" srcset=""https://static.carrefour.es/hd_560x_/supermercado/bcc_static/catalogImages/product/304172/304172.jpg"" width=""100%""> <p class=""title-product"">
Puerro  manojo 3 pz 500 g</p>"
Crema de calabaza con nuez moscada Knorr 450 ml.,"450 ml. |
7,00 €/l",,"3,15 €",,https://static.carrefour.es/hd_280x_/supermercado/bcc_static/catalogImages/product/032900/032900.jpg,"<img aria-describedby=""product-prod890056"" alt=""Crema de calabaza con nuez moscada Knorr 450 ml."" src=""https://static.carrefour.es/hd_280x_/supermercado/bcc_static/catalogImages/product/032900/032900.jpg"" srcset=""https://static.carrefour.es/hd_560x_/supermercado/bcc_static/catalogImages/product/032900/032900.jpg"" width=""100%""> <p class=""title-product"">
Crema de calabaza con nuez moscada Knorr 450 ml.</p>"
Crema de zanahoria y jengibre Knorr 460 g.,"460 g. |
5,98 €/kg",,"2,75 €",,https://static.carrefour.es/hd_280x_/supermercado/bcc_static/catalogImages/product/040551/040551.jpg,"<img aria-describedby=""product-prod920243"" alt=""Crema de zanahoria y jengibre Knorr 460 g."" src=""https://static.carrefour.es/hd_280x_/supermercado/bcc_static/catalogImages/product/040551/040551.jpg"" srcset=""https://static.carrefour.es/hd_560x_/supermercado/bcc_static/catalogImages/product/040551/040551.jpg"" width=""100%""> <p class=""title-product"">
Crema de zanahoria y jengibre Knorr 460 g.</p>"
Crema de calabaza con verduras frescas Knorr 460 g.,"460 g. |
5,98 €/kg",,"2,75 €",,https://static.carrefour.es/hd_280x_/supermercado/bcc_static/catalogImages/product/040552/040552.jpg,"<img aria-describedby=""product-prod920244"" alt=""Crema de calabaza con verduras frescas Knorr 460 g."" src=""https://static.carrefour.es/hd_280x_/supermercado/bcc_static/catalogImages/product/040552/040552.jpg"" srcset=""https://static.carrefour.es/hd_560x_/supermercado/bcc_static/catalogImages/product/040552/040552.jpg"" width=""100%""> <p class=""title-product"">
Crema de calabaza con verduras frescas Knorr 460 g.</p>"
Pimiento verde Italiano  500 g,"500 g |
2,30 €/kg",,"1,15 €",,https://static.carrefour.es/hd_280x_/supermercado/bcc_static/catalogImages/product/218664/218664.jpg,"<img aria-describedby=""product-527030823"" alt=""Pimiento verde Italiano  500 g"" src=""https://static.carrefour.es/hd_280x_/supermercado/bcc_static/catalogImages/product/218664/218664.jpg"" srcset=""https://static.carrefour.es/hd_560x_/supermercado/bcc_static/catalogImages/product/218664/218664.jpg"" width=""100%""> <p class=""title-product"">
Pimiento verde Italiano  500 g</p>"
Pimiento rojo  1 Kg,"Envase de 1000.0 g. aprox |
2,59 €/kg",,"2,59 €",,https://static.carrefour.es/hd_280x_/supermercado/bcc_static/catalogImages/product/811362/811362.jpg,"<img aria-describedby=""product-636701851"" alt=""Pimiento rojo  1 Kg"" src=""https://static.carrefour.es/hd_280x_/supermercado/bcc_static/catalogImages/product/811362/811362.jpg"" srcset=""https://static.carrefour.es/hd_560x_/supermercado/bcc_static/catalogImages/product/811362/811362.jpg"" width=""100%""> <p class=""title-product"">
Pimiento rojo  1 Kg</p>"
"Zanahoria ""Tierra de Sabor""  bolsa 500 g","500 g |
1,10 €/kg",,"0,55 €",,https://static.carrefour.es/hd_280x_/supermercado/bcc_static/catalogImages/product/270265/270265.jpg,"<img aria-describedby=""product-596701515"" alt=""Zanahoria "" tierra="""" de="""" sabor""="""" bolsa="""" 500="""" g""="""" src=""https://static.carrefour.es/hd_280x_/supermercado/bcc_static/catalogImages/product/270265/270265.jpg"" srcset=""https://static.carrefour.es/hd_560x_/supermercado/bcc_static/catalogImages/product/270265/270265.jpg"" width=""100%""> <p class=""title-product"">
Zanahoria ""Tierra de Sabor""  bolsa 500 g</p>"
Judía verde plana Cat 1ª  malla 500 g,"500 g |
3,70 €/kg",,"1,85 €",,https://static.carrefour.es/hd_280x_/supermercado/bcc_static/catalogImages/product/218229/218229.jpg,"<img aria-describedby=""product-521032238"" alt=""Judía verde plana Cat 1ª  malla 500 g  "" src=""https://static.carrefour.es/hd_280x_/supermercado/bcc_static/catalogImages/product/218229/218229.jpg"" srcset=""https://static.carrefour.es/hd_560x_/supermercado/bcc_static/catalogImages/product/218229/218229.jpg"" width=""100%""> <p class=""title-product"">
Judía verde plana Cat 1ª  malla 500 g  </p>"
Calabacín ecológico Carrefour Bio 500 g,"500 g |
2,98 €/kg",,"1,49 €",,https://static.carrefour.es/hd_280x_/supermercado/bcc_static/catalogImages/product/091971/091971.jpg,"<img aria-describedby=""product-600709114"" alt=""Calabacín ecológico Carrefour Bio 500 g"" src=""https://static.carrefour.es/hd_280x_/supermercado/bcc_static/catalogImages/product/091971/091971.jpg"" srcset=""https://static.carrefour.es/hd_560x_/supermercado/bcc_static/catalogImages/product/091971/091971.jpg"" width=""100%""> <p class=""title-product"">
Calabacín ecológico Carrefour Bio 500 g</p>"
"Pimiento tricolor, rojo, verde, amarillo  500 g","500 g |
3,58 €/kg",,"1,79 €",,https://static.carrefour.es/hd_280x_/supermercado/bcc_static/catalogImages/product/729815/729815.jpg,"<img aria-describedby=""product-521032230"" alt=""Pimiento tricolor, rojo, verde, amarillo  500 g"" src=""https://static.carrefour.es/hd_280x_/supermercado/bcc_static/catalogImages/product/729815/729815.jpg"" srcset=""https://static.carrefour.es/hd_560x_/supermercado/bcc_static/catalogImages/product/729815/729815.jpg"" width=""100%""> <p class=""title-product"">
Pimiento tricolor, rojo, verde, amarillo  500 g</p>"
Berenjena  1 Kg,"Envase de 1000.0 g. aprox |
1,79 €/kg",,"1,79 €",,https://static.carrefour.es/hd_280x_/supermercado/bcc_static/catalogImages/product/811365/811365.jpg,"<img aria-describedby=""product-636701857"" alt=""Berenjena  1 Kg"" src=""https://static.carrefour.es/hd_280x_/supermercado/bcc_static/catalogImages/product/811365/811365.jpg"" srcset=""https://static.carrefour.es/hd_560x_/supermercado/bcc_static/catalogImages/product/811365/811365.jpg"" width=""100%""> <p class=""title-product"">
Berenjena  1 Kg</p>"
Espárrago verde  manojo 300 g,"300 g |
5,30 €/kg",,"1,59 €",,https://static.carrefour.es/hd_280x_/supermercado/bcc_static/catalogImages/product/092834/092834.jpg,"<img aria-describedby=""product-694303869"" alt=""Espárrago verde  manojo 300 g"" src=""https://static.carrefour.es/hd_280x_/supermercado/bcc_static/catalogImages/product/092834/092834.jpg"" srcset=""https://static.carrefour.es/hd_560x_/supermercado/bcc_static/catalogImages/product/092834/092834.jpg"" width=""100%""> <p class=""title-product"">
Espárrago verde  manojo 300 g</p>"
Calabaza cortada  500 g,"500 g |
2,60 €/kg",,"1,30 €",,https://static.carrefour.es/hd_280x_/supermercado/bcc_static/catalogImages/product/053774/053774.png,"<img aria-describedby=""product-521032262"" alt=""Calabaza cortada  500 g "" src=""https://static.carrefour.es/hd_280x_/supermercado/bcc_static/catalogImages/product/053774/053774.png"" srcset=""https://static.carrefour.es/hd_560x_/supermercado/bcc_static/catalogImages/product/053774/053774.png"" width=""100%""> <p class=""title-product"">
Calabaza cortada  500 g </p>"
"Coliflor  1,3 Kg aprox","1,3 Kg |
2,12 €/kg",,"2,75 €",,https://static.carrefour.es/hd_280x_/supermercado/bcc_static/catalogImages/product/050213/050213.jpg,"<img aria-describedby=""product-529916715"" alt=""Coliflor  1,3 Kg aprox"" src=""https://static.carrefour.es/hd_280x_/supermercado/bcc_static/catalogImages/product/050213/050213.jpg"" srcset=""https://static.carrefour.es/hd_560x_/supermercado/bcc_static/catalogImages/product/050213/050213.jpg"" width=""100%""> <p class=""title-product"">
Coliflor  1,3 Kg aprox</p>"
Cebolleta blanca  manojo 3 ud,"3 ud |
0,38 €/ud",,"1,15 €",,https://static.carrefour.es/hd_280x_/supermercado/bcc_static/catalogImages/product/050295/050295.jpg,"<img aria-describedby=""product-521032283"" alt=""Cebolleta blanca  manojo 3 ud"" src=""https://static.carrefour.es/hd_280x_/supermercado/bcc_static/catalogImages/product/050295/050295.jpg"" srcset=""https://static.carrefour.es/hd_560x_/supermercado/bcc_static/catalogImages/product/050295/050295.jpg"" width=""100%""> <p class=""title-product"">
Cebolleta blanca  manojo 3 ud</p>"
Puerro  500 g,"500 g |
3,98 €/kg",,"1,99 €",,https://static.carrefour.es/hd_280x_/supermercado/bcc_static/catalogImages/product/053849/053849.png,"<img aria-describedby=""product-521032323"" alt=""Puerro  500 g"" src=""https://static.carrefour.es/hd_280x_/supermercado/bcc_static/catalogImages/product/053849/053849.png"" srcset=""https://static.carrefour.es/hd_560x_/supermercado/bcc_static/catalogImages/product/053849/053849.png"" width=""100%""> <p class=""title-product"">
Puerro  500 g</p>"
Zanahoria ecológica Carrefour Bio bolsa 400 g,"400 g |
2,50 €/kg",,"1,00 €",,https://static.carrefour.es/hd_280x_/supermercado/bcc_static/catalogImages/product/182610/182610.jpg,"<img aria-describedby=""product-670101726"" alt=""Zanahoria ecológica Carrefour Bio bolsa 400 g"" src=""https://static.carrefour.es/hd_280x_/supermercado/bcc_static/catalogImages/product/182610/182610.jpg"" srcset=""https://static.carrefour.es/hd_560x_/supermercado/bcc_static/catalogImages/product/182610/182610.jpg"" width=""100%""> <p class=""title-product"">
Zanahoria ecológica Carrefour Bio bolsa 400 g</p>"
Preparado de verduras para cocido  bandeja grande 800 g aprox,"Envase de 800.0 g. aprox |
1,25 €/kg",,"1,00 €",,https://static.carrefour.es/hd_280x_/supermercado/bcc_static/catalogImages/product/532800/532800.png,"<img aria-describedby=""product-521032266"" alt=""Preparado de verduras para cocido  bandeja grande 800 g aprox"" src=""https://static.carrefour.es/hd_280x_/supermercado/bcc_static/catalogImages/product/532800/532800.png"" srcset=""https://static.carrefour.es/hd_560x_/supermercado/bcc_static/catalogImages/product/532800/532800.png"" width=""100%""> <p class=""title-product"">
Preparado de verduras para cocido  bandeja grande 800 g aprox</p>"
Calabacin Carrefour Malla 1 kg,"1 Kg |
1,25 €/kg",,"1,25 €",,https://static.carrefour.es/hd_280x_/supermercado/bcc_static/catalogImages/product/181019/181019.jpg,"<img aria-describedby=""product-prod1130255"" alt=""Calabacin Carrefour Malla 1 kg"" src=""https://static.carrefour.es/hd_280x_/supermercado/bcc_static/catalogImages/product/181019/181019.jpg"" srcset=""https://static.carrefour.es/hd_560x_/supermercado/bcc_static/catalogImages/product/181019/181019.jpg"" width=""100%""> <p class=""title-product"">
Calabacin Carrefour Malla 1 kg</p>"
Berenjena Carrefour Malla 500 g,"500 g |
1,90 €/kg",,"0,95 €",,https://static.carrefour.es/hd_280x_/supermercado/bcc_static/catalogImages/product/180993/180993.jpg,"<img aria-describedby=""product-prod1130438"" alt=""Berenjena Carrefour Malla 500 g"" src=""https://static.carrefour.es/hd_280x_/supermercado/bcc_static/catalogImages/product/180993/180993.jpg"" srcset=""https://static.carrefour.es/hd_560x_/supermercado/bcc_static/catalogImages/product/180993/180993.jpg"" width=""100%""> <p class=""title-product"">
Berenjena Carrefour Malla 500 g</p>"
Perejil  manojo 150 g,"150 g |
4,67 €/kg",,"0,70 €",,https://static.carrefour.es/hd_280x_/supermercado/bcc_static/catalogImages/product/050311/050311.jpg,"<img aria-describedby=""product-521032285"" alt=""Perejil  manojo 150 g"" src=""https://static.carrefour.es/hd_280x_/supermercado/bcc_static/catalogImages/product/050311/050311.jpg"" srcset=""https://static.carrefour.es/hd_560x_/supermercado/bcc_static/catalogImages/product/050311/050311.jpg"" width=""100%""> <p class=""title-product"">
Perejil  manojo 150 g</p>"
"Calabaza sepallo  granel 1,5 Kg aprox","Envase de 1500.0 g. aprox |
1,04 €/kg",,"1,56 €",,https://static.carrefour.es/hd_280x_/supermercado/bcc_static/catalogImages/product/166050/166050.jpg,"<img aria-describedby=""product-529916709"" alt=""Calabaza sepallo  granel 1,5 Kg aprox"" src=""https://static.carrefour.es/hd_280x_/supermercado/bcc_static/catalogImages/product/166050/166050.jpg"" srcset=""https://static.carrefour.es/hd_560x_/supermercado/bcc_static/catalogImages/product/166050/166050.jpg"" width=""100%""> <p class=""title-product"">
Calabaza sepallo  granel 1,5 Kg aprox</p>"
Pimiento Italiano  1 Kg,"Envase de 1000.0 g. aprox |
1,89 €/kg",,"1,89 €",,https://static.carrefour.es/hd_280x_/supermercado/bcc_static/catalogImages/product/811360/811360.jpg,"<img aria-describedby=""product-636701847"" alt=""Pimiento Italiano  1 Kg"" src=""https://static.carrefour.es/hd_280x_/supermercado/bcc_static/catalogImages/product/811360/811360.jpg"" srcset=""https://static.carrefour.es/hd_560x_/supermercado/bcc_static/catalogImages/product/811360/811360.jpg"" width=""100%""> <p class=""title-product"">
Pimiento Italiano  1 Kg</p>"
Pimiento verde  1 Kg,"Envase de 1000.0 g. aprox |
2,29 €/kg",,"2,29 €",,https://static.carrefour.es/hd_280x_/supermercado/bcc_static/catalogImages/product/811363/811363.jpg,"<img aria-describedby=""product-636701853"" alt=""Pimiento verde  1 Kg"" src=""https://static.carrefour.es/hd_280x_/supermercado/bcc_static/catalogImages/product/811363/811363.jpg"" srcset=""https://static.carrefour.es/hd_560x_/supermercado/bcc_static/catalogImages/product/811363/811363.jpg"" width=""100%""> <p class=""title-product"">
Pimiento verde  1 Kg</p>"
,,,,,,
Judía fina flow pack  250 g,"250 g |
5,40 €/kg",,"1,35 €",,https://static.carrefour.es/hd_280x_/supermercado/bcc_static/catalogImages/product/285630/285630.jpg,"<img aria-describedby=""product-521015254"" alt=""Judía fina flow pack  250 g"" src=""https://static.carrefour.es/hd_280x_/supermercado/bcc_static/catalogImages/product/285630/285630.jpg"" srcset=""https://static.carrefour.es/hd_560x_/supermercado/bcc_static/catalogImages/product/285630/285630.jpg"" width=""100%""> <p class=""title-product"">
Judía fina flow pack  250 g</p>"
Calabaza ecológica Carrefour granel 1 Kg aprox,"Envase de 1000.0 g. aprox |
1,69 €/kg",,"1,69 €",,https://static.carrefour.es/hd_280x_/supermercado/bcc_static/catalogImages/product/809530/809530.jpg,"<img aria-describedby=""product-prod310356"" alt=""Calabaza ecológica Carrefour granel 1 Kg aprox"" src=""https://static.carrefour.es/hd_280x_/supermercado/bcc_static/catalogImages/product/809530/809530.jpg"" srcset=""https://static.carrefour.es/hd_560x_/supermercado/bcc_static/catalogImages/product/809530/809530.jpg"" width=""100%""> <p class=""title-product"">
Calabaza ecológica Carrefour granel 1 Kg aprox</p>"
Repollo liso nacional  500 g,"500 g |
3,00 €/kg",,"1,50 €",,https://static.carrefour.es/hd_280x_/supermercado/bcc_static/catalogImages/product/050258/050258.jpg,"<img aria-describedby=""product-529916719"" alt=""Repollo liso nacional  500 g "" src=""https://static.carrefour.es/hd_280x_/supermercado/bcc_static/catalogImages/product/050258/050258.jpg"" srcset=""https://static.carrefour.es/hd_560x_/supermercado/bcc_static/catalogImages/product/050258/050258.jpg"" width=""100%""> <p class=""title-product"">
Repollo liso nacional  500 g </p>"
Brocoli ecológico  granel 500 g aprox,"Envase de 500.0 g. aprox |
3,30 €/kg",,"1,65 €",,https://static.carrefour.es/hd_280x_/supermercado/bcc_static/catalogImages/product/426759/426759.jpg,"<img aria-describedby=""product-prod231134"" alt=""Brocoli ecológico  granel 500 g aprox"" src=""https://static.carrefour.es/hd_280x_/supermercado/bcc_static/catalogImages/product/426759/426759.jpg"" srcset=""https://static.carrefour.es/hd_560x_/supermercado/bcc_static/catalogImages/product/426759/426759.jpg"" width=""100%""> <p class=""title-product"">
Brocoli ecológico  granel 500 g aprox</p>"
Jengibre Carrefour 100 g aprox,"Envase de  100.0 g. aprox |
4,80 €/kg",,"0,48 €",,https://static.carrefour.es/hd_280x_/supermercado/bcc_static/catalogImages/product/036108/036108.jpg,"<img aria-describedby=""product-530066914"" alt=""Jengibre Carrefour 100 g aprox"" src=""https://static.carrefour.es/hd_280x_/supermercado/bcc_static/catalogImages/product/036108/036108.jpg"" srcset=""https://static.carrefour.es/hd_560x_/supermercado/bcc_static/catalogImages/product/036108/036108.jpg"" width=""100%""> <p class=""title-product"">
Jengibre Carrefour 100 g aprox</p>"
Pimiento padron Carrefour 200 gr.,"200 g |
5,75 €/kg",,"1,15 €",,https://static.carrefour.es/hd_280x_/supermercado/bcc_static/catalogImages/product/147499/147499.jpg,"<img aria-describedby=""product-prod1090250"" alt=""Pimiento padron Carrefour 200 gr."" src=""https://static.carrefour.es/hd_280x_/supermercado/bcc_static/catalogImages/product/147499/147499.jpg"" srcset=""https://static.carrefour.es/hd_560x_/supermercado/bcc_static/catalogImages/product/147499/147499.jpg"" width=""100%""> <p class=""title-product"">
Pimiento padron Carrefour 200 gr.</p>"
Puerro ecológico  granel 500 g aprox,"Envase de |
5,98 €/kg",,"2,99 €",,https://static.carrefour.es/hd_280x_/supermercado/bcc_static/catalogImages/product/462480/462480.jpg,"<img aria-describedby=""product-759007919"" alt=""Puerro ecológico  granel 500 g aprox"" src=""https://static.carrefour.es/hd_280x_/supermercado/bcc_static/catalogImages/product/462480/462480.jpg"" srcset=""https://static.carrefour.es/hd_560x_/supermercado/bcc_static/catalogImages/product/462480/462480.jpg"" width=""100%""> <p class=""title-product"">
Puerro ecológico  granel 500 g aprox</p>"
Apio verde  400 g,"400 g |
4,22 €/kg",,"1,69 €",,https://static.carrefour.es/hd_280x_/supermercado/bcc_static/catalogImages/product/492172/492172.png,"<img aria-describedby=""product-525888149"" alt=""Apio verde  400 g"" src=""https://static.carrefour.es/hd_280x_/supermercado/bcc_static/catalogImages/product/492172/492172.png"" srcset=""https://static.carrefour.es/hd_560x_/supermercado/bcc_static/catalogImages/product/492172/492172.png"" width=""100%""> <p class=""title-product"">
Apio verde  400 g</p>"
Floretes de brócoli  400 g,"400 g |
3,38 €/kg",,"1,35 €",,https://static.carrefour.es/hd_280x_/supermercado/bcc_static/catalogImages/product/960126/960126.jpg,"<img aria-describedby=""product-825813782"" alt=""Floretes de brócoli  400 g "" src=""https://static.carrefour.es/hd_280x_/supermercado/bcc_static/catalogImages/product/960126/960126.jpg"" srcset=""https://static.carrefour.es/hd_560x_/supermercado/bcc_static/catalogImages/product/960126/960126.jpg"" width=""100%""> <p class=""title-product"">
Floretes de brócoli  400 g </p>"
Berenjena  700 g,"Envase de 700.0 g. aprox |
2,09 €/kg",,"1,46 €",,https://static.carrefour.es/hd_280x_/supermercado/bcc_static/catalogImages/product/149582/149582.png,"<img aria-describedby=""product-521032260"" alt=""Berenjena  700 g"" src=""https://static.carrefour.es/hd_280x_/supermercado/bcc_static/catalogImages/product/149582/149582.png"" srcset=""https://static.carrefour.es/hd_560x_/supermercado/bcc_static/catalogImages/product/149582/149582.png"" width=""100%""> <p class=""title-product"">
Berenjena  700 g</p>"
Zanahoria ecológica  granel 500 g aprox,"Envase de 500.0 g. aprox |
1,79 €/kg",,"0,89 €",,https://static.carrefour.es/hd_280x_/supermercado/bcc_static/catalogImages/product/426804/426804.jpg,"<img aria-describedby=""product-prod65641"" alt=""Zanahoria ecológica  granel 500 g aprox"" src=""https://static.carrefour.es/hd_280x_/supermercado/bcc_static/catalogImages/product/426804/426804.jpg"" srcset=""https://static.carrefour.es/hd_560x_/supermercado/bcc_static/catalogImages/product/426804/426804.jpg"" width=""100%""> <p class=""title-product"">
Zanahoria ecológica  granel 500 g aprox</p>"
Acelgas  manojo 1 Kg,"1 Kg |
2,25 €/kg",,"2,25 €",,https://static.carrefour.es/hd_280x_/supermercado/bcc_static/catalogImages/product/176736/176736.jpg,"<img aria-describedby=""product-521032289"" alt=""Acelgas  manojo 1 Kg"" src=""https://static.carrefour.es/hd_280x_/supermercado/bcc_static/catalogImages/product/176736/176736.jpg"" srcset=""https://static.carrefour.es/hd_560x_/supermercado/bcc_static/catalogImages/product/176736/176736.jpg"" width=""100%""> <p class=""title-product"">
Acelgas  manojo 1 Kg</p>"
Zanahoria  manojo 750 g,"750 g |
2,12 €/kg",,"1,59 €",,https://static.carrefour.es/hd_280x_/supermercado/bcc_static/catalogImages/product/050321/050321.jpg,"<img aria-describedby=""product-521031703"" alt=""Zanahoria  manojo 750 g"" src=""https://static.carrefour.es/hd_280x_/supermercado/bcc_static/catalogImages/product/050321/050321.jpg"" srcset=""https://static.carrefour.es/hd_560x_/supermercado/bcc_static/catalogImages/product/050321/050321.jpg"" width=""100%""> <p class=""title-product"">
Zanahoria  manojo 750 g</p>"
Espárrago verde 12-16 ud  manojo 400 g,"400 g |
7,48 €/kg",,"2,99 €",,https://static.carrefour.es/hd_280x_/supermercado/bcc_static/catalogImages/product/050221/050221.png,"<img aria-describedby=""product-521031707"" alt=""Espárrago verde 12-16 ud  manojo 400 g"" src=""https://static.carrefour.es/hd_280x_/supermercado/bcc_static/catalogImages/product/050221/050221.png"" srcset=""https://static.carrefour.es/hd_560x_/supermercado/bcc_static/catalogImages/product/050221/050221.png"" width=""100%""> <p class=""title-product"">
Espárrago verde 12-16 ud  manojo 400 g</p>"
Apio verde  manojo 1 Kg,"1 Kg |
1,95 €/kg",,"1,95 €",,https://static.carrefour.es/hd_280x_/supermercado/bcc_static/catalogImages/product/050289/050289.jpg,"<img aria-describedby=""product-521031385"" alt=""Apio verde  manojo 1 Kg "" src=""https://static.carrefour.es/hd_280x_/supermercado/bcc_static/catalogImages/product/050289/050289.jpg"" srcset=""https://static.carrefour.es/hd_560x_/supermercado/bcc_static/catalogImages/product/050289/050289.jpg"" width=""100%""> <p class=""title-product"">
Apio verde  manojo 1 Kg </p>"
Judía verde ancha Carrefour 500 g aprox,"Envase de  500.0 g. aprox |
3,75 €/kg",,"1,87 €",,https://static.carrefour.es/hd_280x_/supermercado/bcc_static/catalogImages/product/050230/050230.jpg,"<img aria-describedby=""product-532601617"" alt=""Judía verde ancha Carrefour 500 g aprox"" src=""https://static.carrefour.es/hd_280x_/supermercado/bcc_static/catalogImages/product/050230/050230.jpg"" srcset=""https://static.carrefour.es/hd_560x_/supermercado/bcc_static/catalogImages/product/050230/050230.jpg"" width=""100%""> <p class=""title-product"">
Judía verde ancha Carrefour 500 g aprox</p>"
Ajo-Puerro tierno grande  manojo 150 g,"150 g |
7,67 €/kg",,"1,15 €",,https://static.carrefour.es/hd_280x_/supermercado/bcc_static/catalogImages/product/176737/176737.jpg,"<img aria-describedby=""product-522714026"" alt=""Ajo-Puerro tierno grande  manojo 150 g"" src=""https://static.carrefour.es/hd_280x_/supermercado/bcc_static/catalogImages/product/176737/176737.jpg"" srcset=""https://static.carrefour.es/hd_560x_/supermercado/bcc_static/catalogImages/product/176737/176737.jpg"" width=""100%""> <p class=""title-product"">
Ajo-Puerro tierno grande  manojo 150 g</p>"
Bimi (brócoli chino)  200 g,"200 g |
9,45 €/kg",,"1,89 €",,https://static.carrefour.es/hd_280x_/supermercado/bcc_static/catalogImages/product/794390/794390.jpg,"<img aria-describedby=""product-841600622"" alt=""Bimi (brócoli chino)  200 g"" src=""https://static.carrefour.es/hd_280x_/supermercado/bcc_static/catalogImages/product/794390/794390.jpg"" srcset=""https://static.carrefour.es/hd_560x_/supermercado/bcc_static/catalogImages/product/794390/794390.jpg"" width=""100%""> <p class=""title-product"">
Bimi (brócoli chino)  200 g</p>"
Apio blanco  bolsa 500 g,"500 g |
2,98 €/kg",,"1,49 €",,https://static.carrefour.es/hd_280x_/supermercado/bcc_static/catalogImages/product/175861/175861.png,"<img aria-describedby=""product-521032335"" alt=""Apio blanco  bolsa 500 g"" src=""https://static.carrefour.es/hd_280x_/supermercado/bcc_static/catalogImages/product/175861/175861.png"" srcset=""https://static.carrefour.es/hd_560x_/supermercado/bcc_static/catalogImages/product/175861/175861.png"" width=""100%""> <p class=""title-product"">
Apio blanco  bolsa 500 g</p>"
Kale Carrefour bolsa 200 g,"200 g |
6,25 €/kg",,"1,25 €",,https://static.carrefour.es/hd_280x_/supermercado/bcc_static/catalogImages/product/860113/860113.jpg,"<img aria-describedby=""product-prod760336"" alt=""Kale Carrefour bolsa 200 g"" src=""https://static.carrefour.es/hd_280x_/supermercado/bcc_static/catalogImages/product/860113/860113.jpg"" srcset=""https://static.carrefour.es/hd_560x_/supermercado/bcc_static/catalogImages/product/860113/860113.jpg"" width=""100%""> <p class=""title-product"">
Kale Carrefour bolsa 200 g</p>"
Puerro  manojo 6 pz 1 Kg aprox,"1 Kg |
2,00 €/ud",,"2,00 €",,https://static.carrefour.es/hd_280x_/supermercado/bcc_static/catalogImages/product/050312/050312.jpg,"<img aria-describedby=""product-521033185"" alt=""Puerro  manojo 6 pz 1 Kg aprox"" src=""https://static.carrefour.es/hd_280x_/supermercado/bcc_static/catalogImages/product/050312/050312.jpg"" srcset=""https://static.carrefour.es/hd_560x_/supermercado/bcc_static/catalogImages/product/050312/050312.jpg"" width=""100%""> <p class=""title-product"">
Puerro  manojo 6 pz 1 Kg aprox</p>"
Pimiento rojo granel ecológico Carrefour Bio 500 g aprox,"Envase de 500.0 g. aprox |
3,75 €/kg",,"1,87 €",,https://static.carrefour.es/hd_280x_/supermercado/bcc_static/catalogImages/product/045215/045215.jpg,"<img aria-describedby=""product-prod930177"" alt=""Pimiento rojo granel ecológico Carrefour Bio 500 g aprox"" src=""https://static.carrefour.es/hd_280x_/supermercado/bcc_static/catalogImages/product/045215/045215.jpg"" srcset=""https://static.carrefour.es/hd_560x_/supermercado/bcc_static/catalogImages/product/045215/045215.jpg"" width=""100%""> <p class=""title-product"">
Pimiento rojo granel ecológico Carrefour Bio 500 g aprox</p>"
Pimiento rojo de mercado 500 g aprox,"Envase de 500.0 g. aprox |
5,00 €/kg",,"2,50 €",,https://static.carrefour.es/hd_280x_/supermercado/bcc_static/catalogImages/product/017917/017917.jpg,"<img aria-describedby=""product-prod871088"" alt=""Pimiento rojo de mercado 500 g aprox"" src=""https://static.carrefour.es/hd_280x_/supermercado/bcc_static/catalogImages/product/017917/017917.jpg"" srcset=""https://static.carrefour.es/hd_560x_/supermercado/bcc_static/catalogImages/product/017917/017917.jpg"" width=""100%""> <p class=""title-product"">
Pimiento rojo de mercado 500 g aprox</p>"
Pimiento rojo  1 Kg,"Envase de 1000.0 g. aprox |
2,69 €/kg",,"2,69 €",,https://static.carrefour.es/hd_280x_/supermercado/bcc_static/catalogImages/product/149584/149584.png,"<img aria-describedby=""product-521032236"" alt=""Pimiento rojo  1 Kg "" src=""https://static.carrefour.es/hd_280x_/supermercado/bcc_static/catalogImages/product/149584/149584.png"" srcset=""https://static.carrefour.es/hd_560x_/supermercado/bcc_static/catalogImages/product/149584/149584.png"" width=""100%""> <p class=""title-product"">
Pimiento rojo  1 Kg </p>"
,,,,,,
Nabo blanco  500 g,"500 g |
0,53 €/ud",,"1,59 €",,https://static.carrefour.es/hd_280x_/supermercado/bcc_static/catalogImages/product/050309/050309.jpg,"<img aria-describedby=""product-521031705"" alt=""Nabo blanco  500 g"" src=""https://static.carrefour.es/hd_280x_/supermercado/bcc_static/catalogImages/product/050309/050309.jpg"" srcset=""https://static.carrefour.es/hd_560x_/supermercado/bcc_static/catalogImages/product/050309/050309.jpg"" width=""100%""> <p class=""title-product"">
Nabo blanco  500 g</p>"
Coliflor floretes bandeja 500 g,"Envase de |
2,50 €/kg",,"1,25 €",,https://static.carrefour.es/hd_280x_/supermercado/bcc_static/catalogImages/product/839075/839075.jpg,"<img aria-describedby=""product-prod590407"" alt=""Coliflor floretes bandeja 500 g"" src=""https://static.carrefour.es/hd_280x_/supermercado/bcc_static/catalogImages/product/839075/839075.jpg"" srcset=""https://static.carrefour.es/hd_560x_/supermercado/bcc_static/catalogImages/product/839075/839075.jpg"" width=""100%""> <p class=""title-product"">
Coliflor floretes bandeja 500 g</p>"
Cilantro  manojo 100 g,"100 g |
13,90 €/kg",,"1,39 €",,https://static.carrefour.es/hd_280x_/supermercado/bcc_static/catalogImages/product/917301/917301.jpg,"<img aria-describedby=""product-804523465"" alt=""Cilantro  manojo 100 g"" src=""https://static.carrefour.es/hd_280x_/supermercado/bcc_static/catalogImages/product/917301/917301.jpg"" srcset=""https://static.carrefour.es/hd_560x_/supermercado/bcc_static/catalogImages/product/917301/917301.jpg"" width=""100%""> <p class=""title-product"">
Cilantro  manojo 100 g</p>"
Repollo rizado  1 Kg,"1 Kg |
1,69 €/ud",,"1,69 €",,https://static.carrefour.es/hd_280x_/supermercado/bcc_static/catalogImages/product/050205/050205.jpg,"<img aria-describedby=""product-529916713"" alt=""Repollo rizado  1 Kg "" src=""https://static.carrefour.es/hd_280x_/supermercado/bcc_static/catalogImages/product/050205/050205.jpg"" srcset=""https://static.carrefour.es/hd_560x_/supermercado/bcc_static/catalogImages/product/050205/050205.jpg"" width=""100%""> <p class=""title-product"">
Repollo rizado  1 Kg </p>"
Rabanito corto,"El manojo  |
1,59 €/ud",,"1,59 €",,https://static.carrefour.es/hd_280x_/supermercado/bcc_static/catalogImages/product/142729/142729.jpg,"<img aria-describedby=""product-526104383"" alt=""Rabanito corto "" src=""https://static.carrefour.es/hd_280x_/supermercado/bcc_static/catalogImages/product/142729/142729.jpg"" srcset=""https://static.carrefour.es/hd_560x_/supermercado/bcc_static/catalogImages/product/142729/142729.jpg"" width=""100%""> <p class=""title-product"">
Rabanito corto </p>"
Coliflor ecológica  granel 500 g aprox,"Envase de |
7,00 €/kg",,"3,50 €",,https://static.carrefour.es/hd_280x_/supermercado/bcc_static/catalogImages/product/261228/261228.jpg,"<img aria-describedby=""product-prod210572"" alt=""Coliflor ecológica  granel 500 g aprox"" src=""https://static.carrefour.es/hd_280x_/supermercado/bcc_static/catalogImages/product/261228/261228.jpg"" srcset=""https://static.carrefour.es/hd_560x_/supermercado/bcc_static/catalogImages/product/261228/261228.jpg"" width=""100%""> <p class=""title-product"">
Coliflor ecológica  granel 500 g aprox</p>"
Calabacin Carrefour Bio granel 1 Kg aprox,"Envase de 1000.0 g. aprox |
2,35 €/kg",,"2,35 €",,https://static.carrefour.es/hd_280x_/supermercado/bcc_static/catalogImages/product/170292/170292.jpg,"<img aria-describedby=""product-prod1120512"" alt=""Calabacin Carrefour Bio granel 1 Kg aprox"" src=""https://static.carrefour.es/hd_280x_/supermercado/bcc_static/catalogImages/product/170292/170292.jpg"" srcset=""https://static.carrefour.es/hd_560x_/supermercado/bcc_static/catalogImages/product/170292/170292.jpg"" width=""100%""> <p class=""title-product"">
Calabacin Carrefour Bio granel 1 Kg aprox</p>"
Espaguetis calabacín  250 g,"250 g |
7,80 €/kg",,"1,95 €",,https://static.carrefour.es/hd_280x_/supermercado/bcc_static/catalogImages/product/302243/302243.jpg,"<img aria-describedby=""product-prod271050"" alt=""Espaguetis calabacín  250 g"" src=""https://static.carrefour.es/hd_280x_/supermercado/bcc_static/catalogImages/product/302243/302243.jpg"" srcset=""https://static.carrefour.es/hd_560x_/supermercado/bcc_static/catalogImages/product/302243/302243.jpg"" width=""100%""> <p class=""title-product"">
Espaguetis calabacín  250 g</p>"
"Calabaza del país  1,5 Kg","Envase de 1500.0 g. aprox |
1,95 €/kg",,"2,92 €",,https://static.carrefour.es/hd_280x_/supermercado/bcc_static/catalogImages/product/181383/181383.jpg,"<img aria-describedby=""product-616401752"" alt=""Calabaza del país  1,5 Kg"" src=""https://static.carrefour.es/hd_280x_/supermercado/bcc_static/catalogImages/product/181383/181383.jpg"" srcset=""https://static.carrefour.es/hd_560x_/supermercado/bcc_static/catalogImages/product/181383/181383.jpg"" width=""100%""> <p class=""title-product"">
Calabaza del país  1,5 Kg</p>"
Calabacín redondo selecta  granel 1 Kg aprox,"Envase de 1000.0 g. aprox |
1,69 €/kg",,"1,69 €",,https://static.carrefour.es/hd_280x_/supermercado/bcc_static/catalogImages/product/901357/901357.jpg,"<img aria-describedby=""product-798285124"" alt=""Calabacín redondo selecta  granel 1 Kg aprox"" src=""https://static.carrefour.es/hd_280x_/supermercado/bcc_static/catalogImages/product/901357/901357.jpg"" srcset=""https://static.carrefour.es/hd_560x_/supermercado/bcc_static/catalogImages/product/901357/901357.jpg"" width=""100%""> <p class=""title-product"">
Calabacín redondo selecta  granel 1 Kg aprox</p>"
Lombarda  1 Kg,"1 Kg |
1,80 €/ud",,"1,80 €",,https://static.carrefour.es/hd_280x_/supermercado/bcc_static/catalogImages/product/050231/050231.png,"<img aria-describedby=""product-529916717"" alt=""Lombarda  1 Kg "" src=""https://static.carrefour.es/hd_280x_/supermercado/bcc_static/catalogImages/product/050231/050231.png"" srcset=""https://static.carrefour.es/hd_560x_/supermercado/bcc_static/catalogImages/product/050231/050231.png"" width=""100%""> <p class=""title-product"">
Lombarda  1 Kg </p>"
Judia perona selecta  300 g,"300 g |
11,17 €/kg",,"3,35 €",,https://static.carrefour.es/hd_280x_/supermercado/bcc_static/catalogImages/product/259456/259456.jpg,"<img aria-describedby=""product-522715456"" alt=""Judia perona selecta  300 g"" src=""https://static.carrefour.es/hd_280x_/supermercado/bcc_static/catalogImages/product/259456/259456.jpg"" srcset=""https://static.carrefour.es/hd_560x_/supermercado/bcc_static/catalogImages/product/259456/259456.jpg"" width=""100%""> <p class=""title-product"">
Judia perona selecta  300 g</p>"
Esparrago verde punta selecta  manojo 100 g,"100 g |
21,50 €/kg",,"2,15 €",,https://static.carrefour.es/hd_280x_/supermercado/bcc_static/catalogImages/product/091682/091682.jpg,"<img aria-describedby=""product-600709110"" alt=""Esparrago verde punta selecta  manojo 100 g"" src=""https://static.carrefour.es/hd_280x_/supermercado/bcc_static/catalogImages/product/091682/091682.jpg"" srcset=""https://static.carrefour.es/hd_560x_/supermercado/bcc_static/catalogImages/product/091682/091682.jpg"" width=""100%""> <p class=""title-product"">
Esparrago verde punta selecta  manojo 100 g</p>"
Coles de bruselas Carrefour 500 g,"Bandeja de 500 g. |
3,90 €/kg",,"1,95 €",,https://static.carrefour.es/hd_280x_/supermercado/bcc_static/catalogImages/product/053777/053777.png,"<img aria-describedby=""product-521034099"" alt=""Coles de bruselas Carrefour 500 g"" src=""https://static.carrefour.es/hd_280x_/supermercado/bcc_static/catalogImages/product/053777/053777.png"" srcset=""https://static.carrefour.es/hd_560x_/supermercado/bcc_static/catalogImages/product/053777/053777.png"" width=""100%""> <p class=""title-product"">
Coles de bruselas Carrefour 500 g</p>"
Lechuga salanova mix  2 pz 400 g,"400 g |
2,98 €/kg",,"1,19 €",,https://static.carrefour.es/hd_280x_/supermercado/bcc_static/catalogImages/product/683254/683254.jpg,"<img aria-describedby=""product-prod73494"" alt=""Lechuga salanova mix  2 pz 400 g"" src=""https://static.carrefour.es/hd_280x_/supermercado/bcc_static/catalogImages/product/683254/683254.jpg"" srcset=""https://static.carrefour.es/hd_560x_/supermercado/bcc_static/catalogImages/product/683254/683254.jpg"" width=""100%""> <p class=""title-product"">
Lechuga salanova mix  2 pz 400 g</p>"
Berenjena  granel 1 Kg aprox,"Envase de 1000.0 g. aprox |
1,99 €/kg",,"1,99 €",,https://static.carrefour.es/hd_280x_/supermercado/bcc_static/catalogImages/product/050200/050200.jpg,"<img aria-describedby=""product-542801604"" alt=""Berenjena  granel 1 Kg aprox"" src=""https://static.carrefour.es/hd_280x_/supermercado/bcc_static/catalogImages/product/050200/050200.jpg"" srcset=""https://static.carrefour.es/hd_560x_/supermercado/bcc_static/catalogImages/product/050200/050200.jpg"" width=""100%""> <p class=""title-product"">
Berenjena  granel 1 Kg aprox</p>"
Calabaza troceada ecológica Carrefour Bio 400 g,"400 g |
4,48 €/kg",,"1,79 €",,https://static.carrefour.es/hd_280x_/supermercado/bcc_static/catalogImages/product/082121/082121.jpg,"<img aria-describedby=""product-prod1000622"" alt=""Calabaza troceada ecológica Carrefour Bio 400 g"" src=""https://static.carrefour.es/hd_280x_/supermercado/bcc_static/catalogImages/product/082121/082121.jpg"" srcset=""https://static.carrefour.es/hd_560x_/supermercado/bcc_static/catalogImages/product/082121/082121.jpg"" width=""100%""> <p class=""title-product"">
Calabaza troceada ecológica Carrefour Bio 400 g</p>"
Coliflor romanesco  1 ud,"1 ud |
2,95 €/ud",,"2,95 €",,https://static.carrefour.es/hd_280x_/supermercado/bcc_static/catalogImages/product/142706/142706.jpg,"<img aria-describedby=""product-prod840549"" alt=""Coliflor romanesco  1 ud"" src=""https://static.carrefour.es/hd_280x_/supermercado/bcc_static/catalogImages/product/142706/142706.jpg"" srcset=""https://static.carrefour.es/hd_560x_/supermercado/bcc_static/catalogImages/product/142706/142706.jpg"" width=""100%""> <p class=""title-product"">
Coliflor romanesco  1 ud</p>"
Maiz fresco dulce Surinver 400 g,"400 g |
3,88 €/kg",,"1,55 €",,https://static.carrefour.es/hd_280x_/supermercado/bcc_static/catalogImages/product/142870/142870.jpg,"<img aria-describedby=""product-521032309"" alt=""Maiz fresco dulce Surinver 400 g"" src=""https://static.carrefour.es/hd_280x_/supermercado/bcc_static/catalogImages/product/142870/142870.jpg"" srcset=""https://static.carrefour.es/hd_560x_/supermercado/bcc_static/catalogImages/product/142870/142870.jpg"" width=""100%""> <p class=""title-product"">
Maiz fresco dulce Surinver 400 g</p>"
Kale manojo  manojo 300 g,"300 g |
5,63 €/kg",,"1,69 €",,https://static.carrefour.es/hd_280x_/supermercado/bcc_static/catalogImages/product/890109/890109.jpg,"<img aria-describedby=""product-808740867"" alt=""Kale manojo  manojo 300 g"" src=""https://static.carrefour.es/hd_280x_/supermercado/bcc_static/catalogImages/product/890109/890109.jpg"" srcset=""https://static.carrefour.es/hd_560x_/supermercado/bcc_static/catalogImages/product/890109/890109.jpg"" width=""100%""> <p class=""title-product"">
Kale manojo  manojo 300 g</p>"
Berenjena Carrefour Bio 1 Kg aprox,"Envase de 1000.0 g. aprox |
2,95 €/kg",,"2,95 €",,https://static.carrefour.es/hd_280x_/supermercado/bcc_static/catalogImages/product/170183/170183.jpg,"<img aria-describedby=""product-prod1120451"" alt=""Berenjena Carrefour Bio 1 Kg aprox"" src=""https://static.carrefour.es/hd_280x_/supermercado/bcc_static/catalogImages/product/170183/170183.jpg"" srcset=""https://static.carrefour.es/hd_560x_/supermercado/bcc_static/catalogImages/product/170183/170183.jpg"" width=""100%""> <p class=""title-product"">
Berenjena Carrefour Bio 1 Kg aprox</p>"
Hierbabuena  manojo 100 g,"100 g |
11,90 €/kg",,"1,19 €",,https://static.carrefour.es/hd_280x_/supermercado/bcc_static/catalogImages/product/083474/083474.png,"<img aria-describedby=""product-521031671"" alt=""Hierbabuena  manojo 100 g"" src=""https://static.carrefour.es/hd_280x_/supermercado/bcc_static/catalogImages/product/083474/083474.png"" srcset=""https://static.carrefour.es/hd_560x_/supermercado/bcc_static/catalogImages/product/083474/083474.png"" width=""100%""> <p class=""title-product"">
Hierbabuena  manojo 100 g</p>"
Calabacin de mercado 1 Kg aprox,"1 Kg 1000.0 g. aprox |
0,89 €/kg","0,89 €",,"0,99 €",https://static.carrefour.es/hd_280x_/supermercado/bcc_static/catalogImages/product/017932/017932.jpg,"<img aria-describedby=""product-prod871095"" alt=""Calabacin de mercado 1 Kg aprox"" src=""https://static.carrefour.es/hd_280x_/supermercado/bcc_static/catalogImages/product/017932/017932.jpg"" srcset=""https://static.carrefour.es/hd_560x_/supermercado/bcc_static/catalogImages/product/017932/017932.jpg"" width=""100%""> <p class=""title-product"">
Calabacin de mercado 1 Kg aprox</p>"
Brotes tiernos coral Carrefour 100 g,"100 g |
15,90 €/kg",,"1,59 €",,https://static.carrefour.es/hd_280x_/supermercado/bcc_static/catalogImages/product/860143/860143.jpg,"<img aria-describedby=""product-prod760274"" alt=""Brotes tiernos coral Carrefour 100 g"" src=""https://static.carrefour.es/hd_280x_/supermercado/bcc_static/catalogImages/product/860143/860143.jpg"" srcset=""https://static.carrefour.es/hd_560x_/supermercado/bcc_static/catalogImages/product/860143/860143.jpg"" width=""100%""> <p class=""title-product"">
Brotes tiernos coral Carrefour 100 g</p>"
,,,,,,
Judia fina  granel 1 Kg aprox,"Envase de 1000.0 g. aprox |
3,60 €/kg",,"3,60 €",,https://static.carrefour.es/hd_280x_/supermercado/bcc_static/catalogImages/product/091352/091352.jpg,"<img aria-describedby=""product-530102387"" alt=""Judia fina  granel 1 Kg aprox"" src=""https://static.carrefour.es/hd_280x_/supermercado/bcc_static/catalogImages/product/091352/091352.jpg"" srcset=""https://static.carrefour.es/hd_560x_/supermercado/bcc_static/catalogImages/product/091352/091352.jpg"" width=""100%""> <p class=""title-product"">
Judia fina  granel 1 Kg aprox</p>"
Pimiento picante  200 g,"200 g |
8,45 €/kg",,"1,69 €",,https://static.carrefour.es/hd_280x_/supermercado/bcc_static/catalogImages/product/280400/280400.jpg,"<img aria-describedby=""product-557501565"" alt=""Pimiento picante  200 g"" src=""https://static.carrefour.es/hd_280x_/supermercado/bcc_static/catalogImages/product/280400/280400.jpg"" srcset=""https://static.carrefour.es/hd_560x_/supermercado/bcc_static/catalogImages/product/280400/280400.jpg"" width=""100%""> <p class=""title-product"">
Pimiento picante  200 g</p>"
Apio blanco sticks 300 g,"Envase de |
5,63 €/kg",,"1,69 €",,https://static.carrefour.es/hd_280x_/supermercado/bcc_static/catalogImages/product/838205/838205.jpg,"<img aria-describedby=""product-prod590258"" alt=""Apio blanco sticks 300 g"" src=""https://static.carrefour.es/hd_280x_/supermercado/bcc_static/catalogImages/product/838205/838205.jpg"" srcset=""https://static.carrefour.es/hd_560x_/supermercado/bcc_static/catalogImages/product/838205/838205.jpg"" width=""100%""> <p class=""title-product"">
Apio blanco sticks 300 g</p>"
Col china  1 ud,"1 ud |
2,39 €/ud",,"2,39 €",,https://static.carrefour.es/hd_280x_/supermercado/bcc_static/catalogImages/product/072997/072997.jpg,"<img aria-describedby=""product-521033188"" alt=""Col china  1 ud"" src=""https://static.carrefour.es/hd_280x_/supermercado/bcc_static/catalogImages/product/072997/072997.jpg"" srcset=""https://static.carrefour.es/hd_560x_/supermercado/bcc_static/catalogImages/product/072997/072997.jpg"" width=""100%""> <p class=""title-product"">
Col china  1 ud</p>"
Desinfectante específico para frutas y verduras Amukina 500 ml.,"500 ml. |
8,90 €/l",,"4,45 €",,https://static.carrefour.es/hd_280x_/supermercado/bcc_static/catalogImages/product/532767/532767.png,"<img aria-describedby=""product-521001135"" alt=""Desinfectante específico para frutas y verduras Amukina 500 ml."" src=""https://static.carrefour.es/hd_280x_/supermercado/bcc_static/catalogImages/product/532767/532767.png"" srcset=""https://static.carrefour.es/hd_560x_/supermercado/bcc_static/catalogImages/product/532767/532767.png"" width=""100%""> <p class=""title-product"">
Desinfectante específico para frutas y verduras Amukina 500 ml.</p>"
Tirabeques selecta  250 g,"250 g |
15,00 €/kg",,"3,75 €",,https://static.carrefour.es/hd_280x_/supermercado/bcc_static/catalogImages/product/184933/184933.jpg,"<img aria-describedby=""product-872302097"" alt=""Tirabeques selecta  250 g"" src=""https://static.carrefour.es/hd_280x_/supermercado/bcc_static/catalogImages/product/184933/184933.jpg"" srcset=""https://static.carrefour.es/hd_560x_/supermercado/bcc_static/catalogImages/product/184933/184933.jpg"" width=""100%""> <p class=""title-product"">
Tirabeques selecta  250 g</p>"
Judión Pedro Álvarez 500 g.,"500 g. |
7,90 €/kg",,"3,95 €",,https://static.carrefour.es/hd_280x_/supermercado/bcc_static/catalogImages/product/337931/337931.jpg,"<img aria-describedby=""product-prod65296"" alt=""Judión Pedro Álvarez 500 g."" src=""https://static.carrefour.es/hd_280x_/supermercado/bcc_static/catalogImages/product/337931/337931.jpg"" srcset=""https://static.carrefour.es/hd_560x_/supermercado/bcc_static/catalogImages/product/337931/337931.jpg"" width=""100%""> <p class=""title-product"">
Judión Pedro Álvarez 500 g.</p>"
Pimiento ramiro  200 g,"200 g |
7,95 €/kg",,"1,59 €",,https://static.carrefour.es/hd_280x_/supermercado/bcc_static/catalogImages/product/155551/155551.jpg,"<img aria-describedby=""product-633001662"" alt=""Pimiento ramiro  200 g"" src=""https://static.carrefour.es/hd_280x_/supermercado/bcc_static/catalogImages/product/155551/155551.jpg"" srcset=""https://static.carrefour.es/hd_560x_/supermercado/bcc_static/catalogImages/product/155551/155551.jpg"" width=""100%""> <p class=""title-product"">
Pimiento ramiro  200 g</p>"
Lenteja categoría extra Pedro Álvarez 500 g.,"500 g |
4,70 €/kg",,"2,35 €",,https://static.carrefour.es/hd_280x_/supermercado/bcc_static/catalogImages/product/337943/337943.jpg,"<img aria-describedby=""product-522715462"" alt=""Lenteja categoría extra Pedro Álvarez 500 g."" src=""https://static.carrefour.es/hd_280x_/supermercado/bcc_static/catalogImages/product/337943/337943.jpg"" srcset=""https://static.carrefour.es/hd_560x_/supermercado/bcc_static/catalogImages/product/337943/337943.jpg"" width=""100%""> <p class=""title-product"">
Lenteja categoría extra Pedro Álvarez 500 g.</p>"
Garbanzo pedrosillano 500 g.,"500 g. |
3,70 €/kg",,"1,85 €",,https://static.carrefour.es/hd_280x_/supermercado/bcc_static/catalogImages/product/083377/083377.jpg,"<img aria-describedby=""product-522715454"" alt=""Garbanzo pedrosillano 500 g."" src=""https://static.carrefour.es/hd_280x_/supermercado/bcc_static/catalogImages/product/083377/083377.jpg"" srcset=""https://static.carrefour.es/hd_560x_/supermercado/bcc_static/catalogImages/product/083377/083377.jpg"" width=""100%""> <p class=""title-product"">
Garbanzo pedrosillano 500 g.</p>"
Laurel deshidratado bandeja 20 g.,"20 g |
97,50 €/kg",,"1,95 €",,https://static.carrefour.es/hd_280x_/supermercado/bcc_static/catalogImages/product/409384/409384.jpg,"<img aria-describedby=""product-prod71411"" alt=""Laurel deshidratado bandeja 20 g."" src=""https://static.carrefour.es/hd_280x_/supermercado/bcc_static/catalogImages/product/409384/409384.jpg"" srcset=""https://static.carrefour.es/hd_560x_/supermercado/bcc_static/catalogImages/product/409384/409384.jpg"" width=""100%""> <p class=""title-product"">
Laurel deshidratado bandeja 20 g.</p>"
Espárrago verde barbacoa selecta  500 g,"500 g |
8,70 €/kg",,"4,35 €",,https://static.carrefour.es/hd_280x_/supermercado/bcc_static/catalogImages/product/763637/763637.png,"<img aria-describedby=""product-754706029"" alt=""Espárrago verde barbacoa selecta  500 g"" src=""https://static.carrefour.es/hd_280x_/supermercado/bcc_static/catalogImages/product/763637/763637.png"" srcset=""https://static.carrefour.es/hd_560x_/supermercado/bcc_static/catalogImages/product/763637/763637.png"" width=""100%""> <p class=""title-product"">
Espárrago verde barbacoa selecta  500 g</p>"
Acelga roja manojo  manojo 500 g,"500 g |
3,78 €/ud",,"1,89 €",,https://static.carrefour.es/hd_280x_/supermercado/bcc_static/catalogImages/product/983156/983156.jpg,"<img aria-describedby=""product-prod68754"" alt=""Acelga roja manojo  manojo 500 g"" src=""https://static.carrefour.es/hd_280x_/supermercado/bcc_static/catalogImages/product/983156/983156.jpg"" srcset=""https://static.carrefour.es/hd_560x_/supermercado/bcc_static/catalogImages/product/983156/983156.jpg"" width=""100%""> <p class=""title-product"">
Acelga roja manojo  manojo 500 g</p>"
Judia rastra selecta  250 g.,"250 g |
12,60 €/kg",,"3,15 €",,https://static.carrefour.es/hd_280x_/supermercado/bcc_static/catalogImages/product/129585/129585.jpg,"<img aria-describedby=""product-prod68034"" alt=""Judia rastra selecta  250 g."" src=""https://static.carrefour.es/hd_280x_/supermercado/bcc_static/catalogImages/product/129585/129585.jpg"" srcset=""https://static.carrefour.es/hd_560x_/supermercado/bcc_static/catalogImages/product/129585/129585.jpg"" width=""100%""> <p class=""title-product"">
Judia rastra selecta  250 g.</p>"
Laurel  manojo 100 g,"100 g |
14,00 €/kg",,"1,40 €",,https://static.carrefour.es/hd_280x_/supermercado/bcc_static/catalogImages/product/050301/050301.jpg,"<img aria-describedby=""product-521032028"" alt=""Laurel  manojo 100 g"" src=""https://static.carrefour.es/hd_280x_/supermercado/bcc_static/catalogImages/product/050301/050301.jpg"" srcset=""https://static.carrefour.es/hd_560x_/supermercado/bcc_static/catalogImages/product/050301/050301.jpg"" width=""100%""> <p class=""title-product"">
Laurel  manojo 100 g</p>"
Lechuga lollo rosso 1 ud,"1 ud |
1,19 €/ud",,"1,19 €",,https://static.carrefour.es/hd_280x_/supermercado/bcc_static/catalogImages/product/142726/142726.gif,"<img aria-describedby=""product-522714497"" alt=""Lechuga lollo rosso 1 ud"" src=""https://static.carrefour.es/hd_280x_/supermercado/bcc_static/catalogImages/product/142726/142726.gif"" srcset=""https://static.carrefour.es/hd_560x_/supermercado/bcc_static/catalogImages/product/142726/142726.gif"" width=""100%""> <p class=""title-product"">
Lechuga lollo rosso 1 ud</p>"
Alubia blanca Pedro Álvarez 500 g.,"500 g |
5,00 €/kg",,"2,50 €",,https://static.carrefour.es/hd_280x_/supermercado/bcc_static/catalogImages/product/337928/337928.jpg,"<img aria-describedby=""product-525888113"" alt=""Alubia blanca Pedro Álvarez 500 g."" src=""https://static.carrefour.es/hd_280x_/supermercado/bcc_static/catalogImages/product/337928/337928.jpg"" srcset=""https://static.carrefour.es/hd_560x_/supermercado/bcc_static/catalogImages/product/337928/337928.jpg"" width=""100%""> <p class=""title-product"">
Alubia blanca Pedro Álvarez 500 g.</p>"
Guindilla entera deshidratada Trevijano 40 g,"40 g |
56,25 €/kg",,"2,25 €",,https://static.carrefour.es/hd_280x_/supermercado/bcc_static/catalogImages/product/407620/407620.jpg,"<img aria-describedby=""product-720408970"" alt=""Guindilla entera deshidratada Trevijano 40 g"" src=""https://static.carrefour.es/hd_280x_/supermercado/bcc_static/catalogImages/product/407620/407620.jpg"" srcset=""https://static.carrefour.es/hd_560x_/supermercado/bcc_static/catalogImages/product/407620/407620.jpg"" width=""100%""> <p class=""title-product"">
Guindilla entera deshidratada Trevijano 40 g</p>"
Alubia pinta categoría extra Pedro Álvarez 500 g.,"500 g |
4,60 €/kg",,"2,30 €",,https://static.carrefour.es/hd_280x_/supermercado/bcc_static/catalogImages/product/337934/337934.jpg,"<img aria-describedby=""product-522715458"" alt=""Alubia pinta categoría extra Pedro Álvarez 500 g."" src=""https://static.carrefour.es/hd_280x_/supermercado/bcc_static/catalogImages/product/337934/337934.jpg"" srcset=""https://static.carrefour.es/hd_560x_/supermercado/bcc_static/catalogImages/product/337934/337934.jpg"" width=""100%""> <p class=""title-product"">
Alubia pinta categoría extra Pedro Álvarez 500 g.</p>"
Puerro ecológico troceado  granel 100 g aprox,"Envase de |
19,90 €/kg",,"1,99 €",,https://static.carrefour.es/hd_280x_/supermercado/bcc_static/catalogImages/product/989808/989808.jpg,"<img aria-describedby=""product-prod780687"" alt=""Puerro ecológico troceado  granel 100 g aprox"" src=""https://static.carrefour.es/hd_280x_/supermercado/bcc_static/catalogImages/product/989808/989808.jpg"" srcset=""https://static.carrefour.es/hd_560x_/supermercado/bcc_static/catalogImages/product/989808/989808.jpg"" width=""100%""> <p class=""title-product"">
Puerro ecológico troceado  granel 100 g aprox</p>"
Sopa Thai de quinoa Trevijano sin gluten 200 g.,"200 g. |
17,50 €/kg",,"3,50 €",,https://static.carrefour.es/hd_280x_/supermercado/bcc_static/catalogImages/product/974444/974444.jpg,"<img aria-describedby=""product-837010500"" alt=""Sopa Thai de quinoa Trevijano sin gluten 200 g."" src=""https://static.carrefour.es/hd_280x_/supermercado/bcc_static/catalogImages/product/974444/974444.jpg"" srcset=""https://static.carrefour.es/hd_560x_/supermercado/bcc_static/catalogImages/product/974444/974444.jpg"" width=""100%""> <p class=""title-product"">
Sopa Thai de quinoa Trevijano sin gluten 200 g.</p>"
Garbanzo categoría extra Pedro Álvarez 500 g.,"500 g |
4,50 €/kg",,"2,25 €",,https://static.carrefour.es/hd_280x_/supermercado/bcc_static/catalogImages/product/337941/337941.png,"<img aria-describedby=""product-522715460"" alt=""Garbanzo categoría extra Pedro Álvarez 500 g."" src=""https://static.carrefour.es/hd_280x_/supermercado/bcc_static/catalogImages/product/337941/337941.png"" srcset=""https://static.carrefour.es/hd_560x_/supermercado/bcc_static/catalogImages/product/337941/337941.png"" width=""100%""> <p class=""title-product"">
Garbanzo categoría extra Pedro Álvarez 500 g.</p>"
Lenteja categoría extra Pedro Álvarez 500 g.,"500 g. |
3,98 €/kg",,"1,99 €",,https://static.carrefour.es/hd_280x_/supermercado/bcc_static/catalogImages/product/337944/337944.jpg,"<img aria-describedby=""product-522715464"" alt=""Lenteja categoría extra Pedro Álvarez 500 g."" src=""https://static.carrefour.es/hd_280x_/supermercado/bcc_static/catalogImages/product/337944/337944.jpg"" srcset=""https://static.carrefour.es/hd_560x_/supermercado/bcc_static/catalogImages/product/337944/337944.jpg"" width=""100%""> <p class=""title-product"">
Lenteja categoría extra Pedro Álvarez 500 g.</p>"
Calabacín ecológico  granel 500 g aprox,"Envase de 500.0 g. aprox |
4,65 €/kg",,"2,32 €",,https://static.carrefour.es/hd_280x_/supermercado/bcc_static/catalogImages/product/118075/118075.jpg,"<img aria-describedby=""product-842900368"" alt=""Calabacín ecológico  granel 500 g aprox"" src=""https://static.carrefour.es/hd_280x_/supermercado/bcc_static/catalogImages/product/118075/118075.jpg"" srcset=""https://static.carrefour.es/hd_560x_/supermercado/bcc_static/catalogImages/product/118075/118075.jpg"" width=""100%""> <p class=""title-product"">
Calabacín ecológico  granel 500 g aprox</p>"
,,,,,,
Garbanzo blanco lechoso  malla 500 g,"500 g |
5,00 €/kg",,"2,50 €",,https://static.carrefour.es/hd_280x_/supermercado/bcc_static/catalogImages/product/337942/337942.jpg,"<img aria-describedby=""product-prod840611"" alt=""Garbanzo blanco lechoso  malla 500 g"" src=""https://static.carrefour.es/hd_280x_/supermercado/bcc_static/catalogImages/product/337942/337942.jpg"" srcset=""https://static.carrefour.es/hd_560x_/supermercado/bcc_static/catalogImages/product/337942/337942.jpg"" width=""100%""> <p class=""title-product"">
Garbanzo blanco lechoso  malla 500 g</p>"
Alubia blanca Pedro Álvarez 500 g.,"500 g. |
15,90 €/kg",,"7,95 €",,https://static.carrefour.es/hd_280x_/supermercado/bcc_static/catalogImages/product/337930/337930.jpg,"<img aria-describedby=""product-prod170332"" alt=""Alubia blanca Pedro Álvarez 500 g."" src=""https://static.carrefour.es/hd_280x_/supermercado/bcc_static/catalogImages/product/337930/337930.jpg"" srcset=""https://static.carrefour.es/hd_560x_/supermercado/bcc_static/catalogImages/product/337930/337930.jpg"" width=""100%""> <p class=""title-product"">
Alubia blanca Pedro Álvarez 500 g.</p>"
Alubia Pedro Álvarez 500 g.,"500 g. |
5,50 €/kg",,"2,75 €",,https://static.carrefour.es/hd_280x_/supermercado/bcc_static/catalogImages/product/337933/337933.jpg,"<img aria-describedby=""product-525888117"" alt=""Alubia Pedro Álvarez 500 g."" src=""https://static.carrefour.es/hd_280x_/supermercado/bcc_static/catalogImages/product/337933/337933.jpg"" srcset=""https://static.carrefour.es/hd_560x_/supermercado/bcc_static/catalogImages/product/337933/337933.jpg"" width=""100%""> <p class=""title-product"">
Alubia Pedro Álvarez 500 g.</p>"
Zanahoria Carrefour Calidad y Origen 500 g aprox,"500 g |
1,10 €/kg",,"0,55 €",,https://static.carrefour.es/hd_280x_/supermercado/bcc_static/catalogImages/broken_image.png,"<img aria-describedby=""product-fprod1420336"" alt=""Zanahoria Carrefour Calidad y Origen 500 g aprox"" src=""https://static.carrefour.es/hd_280x_/supermercado/bcc_static/catalogImages/broken_image.png"" srcset=""https://static.carrefour.es/hd_560x_/supermercado/bcc_static/catalogImages/broken_image.png"" width=""100%""> <p class=""title-product"">
Zanahoria Carrefour Calidad y Origen 500 g aprox</p>"
,,,,,,