Title,kg price,Discounted Price,Actual Price,Actual Price 2,Image,Merchant Product Id HTML
Cebolla Carrefour malla 1 Kg,"1 kg |
1,30 €/kg",,"1,30 €",,https://static.carrefour.es/hd_280x_/supermercado/bcc_static/catalogImages/product/235457/235457.jpg,"<img aria-describedby=""product-521032276"" alt=""Cebolla Carrefour malla 1 Kg"" src=""https://static.carrefour.es/hd_280x_/supermercado/bcc_static/catalogImages/product/235457/235457.jpg"" srcset=""https://static.carrefour.es/hd_560x_/supermercado/bcc_static/catalogImages/product/235457/235457.jpg"" width=""100%""> <p class=""title-product"">
Cebolla Carrefour malla 1 Kg</p>"
Patata lavada Carrefour malla 5 Kg,"5 kg |
0,97 €/kg",,"4,85 €",,https://static.carrefour.es/hd_280x_/supermercado/bcc_static/catalogImages/product/793632/793632.jpg,"<img aria-describedby=""product-525888361"" alt=""Patata lavada Carrefour malla 5 Kg"" src=""https://static.carrefour.es/hd_280x_/supermercado/bcc_static/catalogImages/product/793632/793632.jpg"" srcset=""https://static.carrefour.es/hd_560x_/supermercado/bcc_static/catalogImages/product/793632/793632.jpg"" width=""100%""> <p class=""title-product"">
Patata lavada Carrefour malla 5 Kg</p>"
Ajos Carrefour Calidad y Origen malla 250 g,"250 g |
5,80 €/kg",,"1,45 €",,https://static.carrefour.es/hd_280x_/supermercado/bcc_static/catalogImages/product/496386/496386.jpg,"<img aria-describedby=""product-521031667"" alt=""Ajos Carrefour Calidad y Origen malla 250 g"" src=""https://static.carrefour.es/hd_280x_/supermercado/bcc_static/catalogImages/product/496386/496386.jpg"" srcset=""https://static.carrefour.es/hd_560x_/supermercado/bcc_static/catalogImages/product/496386/496386.jpg"" width=""100%""> <p class=""title-product"">
Ajos Carrefour Calidad y Origen malla 250 g</p>"
Patata para freir Carrefour 4 Kg,"4 kg |
0,99 €/kg","3,96 €",,"4,98 €",https://static.carrefour.es/hd_280x_/supermercado/bcc_static/catalogImages/product/053629/053629.png,"<img aria-describedby=""product-521036191"" alt=""Patata para freir Carrefour 4 Kg"" src=""https://static.carrefour.es/hd_280x_/supermercado/bcc_static/catalogImages/product/053629/053629.png"" srcset=""https://static.carrefour.es/hd_560x_/supermercado/bcc_static/catalogImages/product/053629/053629.png"" width=""100%""> <p class=""title-product"">
Patata para freir Carrefour 4 Kg</p>"
Patata lavada granel  1 Kg aprox,"Envase de 1000.0 g. aprox |
1,49 €/kg",,"1,49 €",,https://static.carrefour.es/hd_280x_/supermercado/bcc_static/catalogImages/product/356341/356341.jpg,"<img aria-describedby=""product-572601776"" alt=""Patata lavada granel  1 Kg aprox"" src=""https://static.carrefour.es/hd_280x_/supermercado/bcc_static/catalogImages/product/356341/356341.jpg"" srcset=""https://static.carrefour.es/hd_560x_/supermercado/bcc_static/catalogImages/product/356341/356341.jpg"" width=""100%""> <p class=""title-product"">
Patata lavada granel  1 Kg aprox</p>"
Patata para cocer Carrefour 4 Kg,"4 kg |
0,99 €/kg","3,96 €",,"4,98 €",https://static.carrefour.es/hd_280x_/supermercado/bcc_static/catalogImages/product/053631/053631.jpg,"<img aria-describedby=""product-521036193"" alt=""Patata para cocer Carrefour 4 Kg"" src=""https://static.carrefour.es/hd_280x_/supermercado/bcc_static/catalogImages/product/053631/053631.jpg"" srcset=""https://static.carrefour.es/hd_560x_/supermercado/bcc_static/catalogImages/product/053631/053631.jpg"" width=""100%""> <p class=""title-product"">
Patata para cocer Carrefour 4 Kg</p>"
Cebolla roja Carrefour malla 500 g,"500 g |
2,30 €/kg",,"1,15 €",,https://static.carrefour.es/hd_280x_/supermercado/bcc_static/catalogImages/product/795908/795908.jpg,"<img aria-describedby=""product-521029168"" alt=""Cebolla roja Carrefour malla 500 g"" src=""https://static.carrefour.es/hd_280x_/supermercado/bcc_static/catalogImages/product/795908/795908.jpg"" srcset=""https://static.carrefour.es/hd_560x_/supermercado/bcc_static/catalogImages/product/795908/795908.jpg"" width=""100%""> <p class=""title-product"">
Cebolla roja Carrefour malla 500 g</p>"
Cebolla dulce Carrefour malla 500 g,"500 g |
3,38 €/kg",,"1,69 €",,https://static.carrefour.es/hd_280x_/supermercado/bcc_static/catalogImages/product/795906/795906.jpg,"<img aria-describedby=""product-521032281"" alt=""Cebolla dulce Carrefour malla 500 g"" src=""https://static.carrefour.es/hd_280x_/supermercado/bcc_static/catalogImages/product/795906/795906.jpg"" srcset=""https://static.carrefour.es/hd_560x_/supermercado/bcc_static/catalogImages/product/795906/795906.jpg"" width=""100%""> <p class=""title-product"">
Cebolla dulce Carrefour malla 500 g</p>"
Cebolla  malla 2 Kg,"2 kg |
1,70 €/kg",,"1,70 €",,https://static.carrefour.es/hd_280x_/supermercado/bcc_static/catalogImages/product/176509/176509.jpg,"<img aria-describedby=""product-521032274"" alt=""Cebolla  malla 2 Kg"" src=""https://static.carrefour.es/hd_280x_/supermercado/bcc_static/catalogImages/product/176509/176509.jpg"" srcset=""https://static.carrefour.es/hd_560x_/supermercado/bcc_static/catalogImages/product/176509/176509.jpg"" width=""100%""> <p class=""title-product"">
Cebolla  malla 2 Kg</p>"
Patata guarnición Carrefour 1 Kg,"1 kg |
1,10 €/kg",,"1,10 €",,https://static.carrefour.es/hd_280x_/supermercado/bcc_static/catalogImages/product/809256/809256.jpg,"<img aria-describedby=""product-693401847"" alt=""Patata guarnición Carrefour 1 Kg"" src=""https://static.carrefour.es/hd_280x_/supermercado/bcc_static/catalogImages/product/809256/809256.jpg"" srcset=""https://static.carrefour.es/hd_560x_/supermercado/bcc_static/catalogImages/product/809256/809256.jpg"" width=""100%""> <p class=""title-product"">
Patata guarnición Carrefour 1 Kg</p>"
Cebolla  granel 1 kg aprox,"Envase de 1000.0 g. aprox |
1,35 €/kg",,"1,35 €",,https://static.carrefour.es/hd_280x_/supermercado/bcc_static/catalogImages/product/053857/053857.jpg,"<img aria-describedby=""product-600709106"" alt=""Cebolla  granel 1 kg aprox"" src=""https://static.carrefour.es/hd_280x_/supermercado/bcc_static/catalogImages/product/053857/053857.jpg"" srcset=""https://static.carrefour.es/hd_560x_/supermercado/bcc_static/catalogImages/product/053857/053857.jpg"" width=""100%""> <p class=""title-product"">
Cebolla  granel 1 kg aprox</p>"
Ajo Carrefour Bio malla 3 pz,"3 ud |
0,30 €/ud",,"0,89 €",,https://static.carrefour.es/hd_280x_/supermercado/bcc_static/catalogImages/product/091970/091970.jpg,"<img aria-describedby=""product-646001855"" alt=""Ajo Carrefour Bio malla 3 pz"" src=""https://static.carrefour.es/hd_280x_/supermercado/bcc_static/catalogImages/product/091970/091970.jpg"" srcset=""https://static.carrefour.es/hd_560x_/supermercado/bcc_static/catalogImages/product/091970/091970.jpg"" width=""100%""> <p class=""title-product"">
Ajo Carrefour Bio malla 3 pz</p>"
Boniato  bolsa 1 Kg aprox,"Envase de 1000.0 g. aprox |
1,99 €/kg",,"1,99 €",,https://static.carrefour.es/hd_280x_/supermercado/bcc_static/catalogImages/product/053835/053835.jpg,"<img aria-describedby=""product-600709104"" alt=""Boniato  bolsa 1 Kg aprox"" src=""https://static.carrefour.es/hd_280x_/supermercado/bcc_static/catalogImages/product/053835/053835.jpg"" srcset=""https://static.carrefour.es/hd_560x_/supermercado/bcc_static/catalogImages/product/053835/053835.jpg"" width=""100%""> <p class=""title-product"">
Boniato  bolsa 1 Kg aprox</p>"
Patata ecológica Carrefour Bio 2 Kg,"2 kg |
1,60 €/kg",,"3,20 €",,https://static.carrefour.es/hd_280x_/supermercado/bcc_static/catalogImages/product/048513/048513.jpg,"<img aria-describedby=""product-600709102"" alt=""Patata ecológica Carrefour Bio 2 Kg"" src=""https://static.carrefour.es/hd_280x_/supermercado/bcc_static/catalogImages/product/048513/048513.jpg"" srcset=""https://static.carrefour.es/hd_560x_/supermercado/bcc_static/catalogImages/product/048513/048513.jpg"" width=""100%""> <p class=""title-product"">
Patata ecológica Carrefour Bio 2 Kg</p>"
Cebolla Carrefour Bio malla 1 Kg,"1 kg |
1,85 €/kg",,"1,85 €",,https://static.carrefour.es/hd_280x_/supermercado/bcc_static/catalogImages/product/108604/108604.jpg,"<img aria-describedby=""product-609202422"" alt=""Cebolla Carrefour Bio malla 1 Kg"" src=""https://static.carrefour.es/hd_280x_/supermercado/bcc_static/catalogImages/product/108604/108604.jpg"" srcset=""https://static.carrefour.es/hd_560x_/supermercado/bcc_static/catalogImages/product/108604/108604.jpg"" width=""100%""> <p class=""title-product"">
Cebolla Carrefour Bio malla 1 Kg</p>"
Patata roja Carrefour malla 2 Kg,"2 kg |
1,22 €/kg",,"2,45 €",,https://static.carrefour.es/hd_280x_/supermercado/bcc_static/catalogImages/product/793633/793633.jpg,"<img aria-describedby=""product-527063218"" alt=""Patata roja Carrefour malla 2 Kg"" src=""https://static.carrefour.es/hd_280x_/supermercado/bcc_static/catalogImages/product/793633/793633.jpg"" srcset=""https://static.carrefour.es/hd_560x_/supermercado/bcc_static/catalogImages/product/793633/793633.jpg"" width=""100%""> <p class=""title-product"">
Patata roja Carrefour malla 2 Kg</p>"
Patata Madrid 3 kg,"3 kg |
1,16 €/kg",,"3,49 €",,https://static.carrefour.es/hd_280x_/supermercado/bcc_static/catalogImages/product/817912/817912.jpg,"<img aria-describedby=""product-prod840639"" alt=""Patata Madrid 3 kg"" src=""https://static.carrefour.es/hd_280x_/supermercado/bcc_static/catalogImages/product/817912/817912.jpg"" srcset=""https://static.carrefour.es/hd_560x_/supermercado/bcc_static/catalogImages/product/817912/817912.jpg"" width=""100%""> <p class=""title-product"">
Patata Madrid 3 kg</p>"
Cebolla dulce Carrefour Calidad y Origen 1 Kg,"1 kg |
1,95 €/kg",,"1,95 €",,https://static.carrefour.es/hd_280x_/supermercado/bcc_static/catalogImages/product/429156/429156.jpg,"<img aria-describedby=""product-prod360126"" alt=""Cebolla dulce Carrefour Calidad y Origen 1 Kg"" src=""https://static.carrefour.es/hd_280x_/supermercado/bcc_static/catalogImages/product/429156/429156.jpg"" srcset=""https://static.carrefour.es/hd_560x_/supermercado/bcc_static/catalogImages/product/429156/429156.jpg"" width=""100%""> <p class=""title-product"">
Cebolla dulce Carrefour Calidad y Origen 1 Kg</p>"
Patata para freir Carrefour Calidad y Origen malla 3 Kg,"3 kg |
1,30 €/kg",,"3,90 €",,https://static.carrefour.es/hd_280x_/supermercado/bcc_static/catalogImages/product/352630/352630.jpg,"<img aria-describedby=""product-521034191"" alt=""Patata para freir Carrefour Calidad y Origen malla 3 Kg"" src=""https://static.carrefour.es/hd_280x_/supermercado/bcc_static/catalogImages/product/352630/352630.jpg"" srcset=""https://static.carrefour.es/hd_560x_/supermercado/bcc_static/catalogImages/product/352630/352630.jpg"" width=""100%""> <p class=""title-product"">
Patata para freir Carrefour Calidad y Origen malla 3 Kg</p>"
Ajo sprint  malla 500 g,"500 g |
4,60 €/kg",,"2,30 €",,https://static.carrefour.es/hd_280x_/supermercado/bcc_static/catalogImages/product/180656/180656.jpg,"<img aria-describedby=""product-521031665"" alt=""Ajo sprint  malla 500 g"" src=""https://static.carrefour.es/hd_280x_/supermercado/bcc_static/catalogImages/product/180656/180656.jpg"" srcset=""https://static.carrefour.es/hd_560x_/supermercado/bcc_static/catalogImages/product/180656/180656.jpg"" width=""100%""> <p class=""title-product"">
Ajo sprint  malla 500 g</p>"
Patata lavada  bolsa 5 Kg,"5 kg |
0,95 €/kg",,"4,75 €",,https://static.carrefour.es/hd_280x_/supermercado/bcc_static/catalogImages/product/021119/021119.jpg,"<img aria-describedby=""product-prod871247"" alt=""Patata lavada  bolsa 5 Kg"" src=""https://static.carrefour.es/hd_280x_/supermercado/bcc_static/catalogImages/product/021119/021119.jpg"" srcset=""https://static.carrefour.es/hd_560x_/supermercado/bcc_static/catalogImages/product/021119/021119.jpg"" width=""100%""> <p class=""title-product"">
Patata lavada  bolsa 5 Kg</p>"
Patatas asar Carrefour 2 Kg,"2 kg |
1,20 €/kg",,"2,40 €",,https://static.carrefour.es/hd_280x_/supermercado/bcc_static/catalogImages/product/235447/235447.jpg,"<img aria-describedby=""product-prod75446"" alt=""Patatas asar Carrefour 2 Kg"" src=""https://static.carrefour.es/hd_280x_/supermercado/bcc_static/catalogImages/product/235447/235447.jpg"" srcset=""https://static.carrefour.es/hd_560x_/supermercado/bcc_static/catalogImages/product/235447/235447.jpg"" width=""100%""> <p class=""title-product"">
Patatas asar Carrefour 2 Kg</p>"
Boniato ecológico Carrefour granel 500 g aprox,"Envase de 500.0 g. aprox |
3,45 €/kg",,"1,72 €",,https://static.carrefour.es/hd_280x_/supermercado/bcc_static/catalogImages/product/826688/826688.jpg,"<img aria-describedby=""product-prod460202"" alt=""Boniato ecológico Carrefour granel 500 g aprox"" src=""https://static.carrefour.es/hd_280x_/supermercado/bcc_static/catalogImages/product/826688/826688.jpg"" srcset=""https://static.carrefour.es/hd_560x_/supermercado/bcc_static/catalogImages/product/826688/826688.jpg"" width=""100%""> <p class=""title-product"">
Boniato ecológico Carrefour granel 500 g aprox</p>"
Ajo blanco extra de Chinchón  500 g,"500 g |
4,20 €/kg",,"2,10 €",,https://static.carrefour.es/hd_280x_/supermercado/bcc_static/catalogImages/product/505485/505485.jpg,"<img aria-describedby=""product-600709244"" alt=""Ajo blanco extra de Chinchón  500 g"" src=""https://static.carrefour.es/hd_280x_/supermercado/bcc_static/catalogImages/product/505485/505485.jpg"" srcset=""https://static.carrefour.es/hd_560x_/supermercado/bcc_static/catalogImages/product/505485/505485.jpg"" width=""100%""> <p class=""title-product"">
Ajo blanco extra de Chinchón  500 g</p>"
,,,,,,
Patata trumferoles  bolsa 3 Kg,"3 kg |
1,33 €/kg",,"3,99 €",,https://static.carrefour.es/hd_280x_/supermercado/bcc_static/catalogImages/product/036549/036549.jpg,"<img aria-describedby=""product-616401684"" alt=""Patata trumferoles  bolsa 3 Kg"" src=""https://static.carrefour.es/hd_280x_/supermercado/bcc_static/catalogImages/product/036549/036549.jpg"" srcset=""https://static.carrefour.es/hd_560x_/supermercado/bcc_static/catalogImages/product/036549/036549.jpg"" width=""100%""> <p class=""title-product"">
Patata trumferoles  bolsa 3 Kg</p>"
Cebolla echalotte Carrefour 250 g,"250 g |
6,36 €/kg",,"1,59 €",,https://static.carrefour.es/hd_280x_/supermercado/bcc_static/catalogImages/product/795911/795911.jpg,"<img aria-describedby=""product-521031961"" alt=""Cebolla echalotte Carrefour 250 g"" src=""https://static.carrefour.es/hd_280x_/supermercado/bcc_static/catalogImages/product/795911/795911.jpg"" srcset=""https://static.carrefour.es/hd_560x_/supermercado/bcc_static/catalogImages/product/795911/795911.jpg"" width=""100%""> <p class=""title-product"">
Cebolla echalotte Carrefour 250 g</p>"
Cebolla blanca Carrefour malla 500 g,"500 g |
3,18 €/kg",,"1,59 €",,https://static.carrefour.es/hd_280x_/supermercado/bcc_static/catalogImages/product/795904/795904.jpg,"<img aria-describedby=""product-521032278"" alt=""Cebolla blanca Carrefour malla 500 g"" src=""https://static.carrefour.es/hd_280x_/supermercado/bcc_static/catalogImages/product/795904/795904.jpg"" srcset=""https://static.carrefour.es/hd_560x_/supermercado/bcc_static/catalogImages/product/795904/795904.jpg"" width=""100%""> <p class=""title-product"">
Cebolla blanca Carrefour malla 500 g</p>"
Patata ecológica Carrefour granel 1 Kg aprox,"Envase de 1000.0 g. aprox |
1,65 €/kg",,"1,65 €",,https://static.carrefour.es/hd_280x_/supermercado/bcc_static/catalogImages/product/285138/285138.jpg,"<img aria-describedby=""product-prod240089"" alt=""Patata ecológica Carrefour granel 1 Kg aprox"" src=""https://static.carrefour.es/hd_280x_/supermercado/bcc_static/catalogImages/product/285138/285138.jpg"" srcset=""https://static.carrefour.es/hd_560x_/supermercado/bcc_static/catalogImages/product/285138/285138.jpg"" width=""100%""> <p class=""title-product"">
Patata ecológica Carrefour granel 1 Kg aprox</p>"
Crema de calabaza con nuez moscada Knorr 450 ml.,"450 ml. |
7,00 €/l",,"3,15 €",,https://static.carrefour.es/hd_280x_/supermercado/bcc_static/catalogImages/product/032900/032900.jpg,"<img aria-describedby=""product-prod890056"" alt=""Crema de calabaza con nuez moscada Knorr 450 ml."" src=""https://static.carrefour.es/hd_280x_/supermercado/bcc_static/catalogImages/product/032900/032900.jpg"" srcset=""https://static.carrefour.es/hd_560x_/supermercado/bcc_static/catalogImages/product/032900/032900.jpg"" width=""100%""> <p class=""title-product"">
Crema de calabaza con nuez moscada Knorr 450 ml.</p>"
Crema de zanahoria y jengibre Knorr 460 g.,"460 g. |
5,98 €/kg",,"2,75 €",,https://static.carrefour.es/hd_280x_/supermercado/bcc_static/catalogImages/product/040551/040551.jpg,"<img aria-describedby=""product-prod920243"" alt=""Crema de zanahoria y jengibre Knorr 460 g."" src=""https://static.carrefour.es/hd_280x_/supermercado/bcc_static/catalogImages/product/040551/040551.jpg"" srcset=""https://static.carrefour.es/hd_560x_/supermercado/bcc_static/catalogImages/product/040551/040551.jpg"" width=""100%""> <p class=""title-product"">
Crema de zanahoria y jengibre Knorr 460 g.</p>"
Crema de calabaza con verduras frescas Knorr 460 g.,"460 g. |
5,98 €/kg",,"2,75 €",,https://static.carrefour.es/hd_280x_/supermercado/bcc_static/catalogImages/product/040552/040552.jpg,"<img aria-describedby=""product-prod920244"" alt=""Crema de calabaza con verduras frescas Knorr 460 g."" src=""https://static.carrefour.es/hd_280x_/supermercado/bcc_static/catalogImages/product/040552/040552.jpg"" srcset=""https://static.carrefour.es/hd_560x_/supermercado/bcc_static/catalogImages/product/040552/040552.jpg"" width=""100%""> <p class=""title-product"">
Crema de calabaza con verduras frescas Knorr 460 g.</p>"
Cebolla dulce Carrefour Calidad y Origen granel 1 Kg aprox,"Envase de 1000.0 g. aprox |
1,99 €/kg",,"1,99 €",,https://static.carrefour.es/hd_280x_/supermercado/bcc_static/catalogImages/product/429152/429152.jpg,"<img aria-describedby=""product-prod360125"" alt=""Cebolla dulce Carrefour Calidad y Origen granel 1 Kg aprox"" src=""https://static.carrefour.es/hd_280x_/supermercado/bcc_static/catalogImages/product/429152/429152.jpg"" srcset=""https://static.carrefour.es/hd_560x_/supermercado/bcc_static/catalogImages/product/429152/429152.jpg"" width=""100%""> <p class=""title-product"">
Cebolla dulce Carrefour Calidad y Origen granel 1 Kg aprox</p>"
Cebolla dulce pelada Carrefour 500 g,"500 g |
5,10 €/kg",,"2,55 €",,https://static.carrefour.es/hd_280x_/supermercado/bcc_static/catalogImages/product/795921/795921.jpg,"<img aria-describedby=""product-521031809"" alt=""Cebolla dulce pelada Carrefour 500 g"" src=""https://static.carrefour.es/hd_280x_/supermercado/bcc_static/catalogImages/product/795921/795921.jpg"" srcset=""https://static.carrefour.es/hd_560x_/supermercado/bcc_static/catalogImages/product/795921/795921.jpg"" width=""100%""> <p class=""title-product"">
Cebolla dulce pelada Carrefour 500 g</p>"
Cebolla ecológica Carrefour granel 1 Kg aprox,"Envase de 1000.0 g. aprox |
1,69 €/kg",,"1,69 €",,https://static.carrefour.es/hd_280x_/supermercado/bcc_static/catalogImages/product/285139/285139.jpg,"<img aria-describedby=""product-prod240084"" alt=""Cebolla ecológica Carrefour granel 1 Kg aprox"" src=""https://static.carrefour.es/hd_280x_/supermercado/bcc_static/catalogImages/product/285139/285139.jpg"" srcset=""https://static.carrefour.es/hd_560x_/supermercado/bcc_static/catalogImages/product/285139/285139.jpg"" width=""100%""> <p class=""title-product"">
Cebolla ecológica Carrefour granel 1 Kg aprox</p>"
Cebolla francesa Carrefour malla 500 g,"500 g |
3,58 €/kg",,"1,79 €",,https://static.carrefour.es/hd_280x_/supermercado/bcc_static/catalogImages/product/795913/795913.jpg,"<img aria-describedby=""product-521031807"" alt=""Cebolla francesa Carrefour malla 500 g"" src=""https://static.carrefour.es/hd_280x_/supermercado/bcc_static/catalogImages/product/795913/795913.jpg"" srcset=""https://static.carrefour.es/hd_560x_/supermercado/bcc_static/catalogImages/product/795913/795913.jpg"" width=""100%""> <p class=""title-product"">
Cebolla francesa Carrefour malla 500 g</p>"
Remolacha  manojo 500 g,"500 g |
3,78 €/kg",,"1,89 €",,https://static.carrefour.es/hd_280x_/supermercado/bcc_static/catalogImages/product/050316/050316.jpg,"<img aria-describedby=""product-521028269"" alt=""Remolacha  manojo 500 g"" src=""https://static.carrefour.es/hd_280x_/supermercado/bcc_static/catalogImages/product/050316/050316.jpg"" srcset=""https://static.carrefour.es/hd_560x_/supermercado/bcc_static/catalogImages/product/050316/050316.jpg"" width=""100%""> <p class=""title-product"">
Remolacha  manojo 500 g</p>"
Ajo morado ristra  500 g,"500 g |
7,70 €/kg",,"3,85 €",,https://static.carrefour.es/hd_280x_/supermercado/bcc_static/catalogImages/product/257524/257524.jpg,"<img aria-describedby=""product-641401778"" alt=""Ajo morado ristra  500 g"" src=""https://static.carrefour.es/hd_280x_/supermercado/bcc_static/catalogImages/product/257524/257524.jpg"" srcset=""https://static.carrefour.es/hd_560x_/supermercado/bcc_static/catalogImages/product/257524/257524.jpg"" width=""100%""> <p class=""title-product"">
Ajo morado ristra  500 g</p>"
Surtido de cebollas para ensalada Carrefour malla 500 g,"500 g |
3,38 €/kg",,"1,69 €",,https://static.carrefour.es/hd_280x_/supermercado/bcc_static/catalogImages/product/795909/795909.jpg,"<img aria-describedby=""product-602104534"" alt=""Surtido de cebollas para ensalada Carrefour malla 500 g"" src=""https://static.carrefour.es/hd_280x_/supermercado/bcc_static/catalogImages/product/795909/795909.jpg"" srcset=""https://static.carrefour.es/hd_560x_/supermercado/bcc_static/catalogImages/product/795909/795909.jpg"" width=""100%""> <p class=""title-product"">
Surtido de cebollas para ensalada Carrefour malla 500 g</p>"
Ajo tierno troceado,"Bandeja de 100 gr. |
14,90 €/kg",,"1,49 €",,https://static.carrefour.es/hd_280x_/supermercado/bcc_static/catalogImages/product/169744/169744.gif,"<img aria-describedby=""product-521032333"" alt=""Ajo tierno troceado"" src=""https://static.carrefour.es/hd_280x_/supermercado/bcc_static/catalogImages/product/169744/169744.gif"" srcset=""https://static.carrefour.es/hd_560x_/supermercado/bcc_static/catalogImages/product/169744/169744.gif"" width=""100%""> <p class=""title-product"">
Ajo tierno troceado</p>"
Ajo negro pelado ecológico Carrefour granel 60 g,"60 g |
82,50 €/kg",,"4,95 €",,https://static.carrefour.es/hd_280x_/supermercado/bcc_static/catalogImages/product/884519/884519.jpg,"<img aria-describedby=""product-842800498"" alt=""Ajo negro pelado ecológico Carrefour granel 60 g"" src=""https://static.carrefour.es/hd_280x_/supermercado/bcc_static/catalogImages/product/884519/884519.jpg"" srcset=""https://static.carrefour.es/hd_560x_/supermercado/bcc_static/catalogImages/product/884519/884519.jpg"" width=""100%""> <p class=""title-product"">
Ajo negro pelado ecológico Carrefour granel 60 g</p>"
Ajo tierno pelado,"Bolsa de 150 g  |
13,00 €/ud",,"1,95 €",,https://static.carrefour.es/hd_280x_/supermercado/bcc_static/catalogImages/product/297835/297835.gif,"<img aria-describedby=""product-522713980"" alt=""Ajo tierno pelado "" src=""https://static.carrefour.es/hd_280x_/supermercado/bcc_static/catalogImages/product/297835/297835.gif"" srcset=""https://static.carrefour.es/hd_560x_/supermercado/bcc_static/catalogImages/product/297835/297835.gif"" width=""100%""> <p class=""title-product"">
Ajo tierno pelado </p>"
Ajo morado ecológico Carrefour granel 250 g,"250 g |
9,96 €/kg",,"2,49 €",,https://static.carrefour.es/hd_280x_/supermercado/bcc_static/catalogImages/product/941463/941463.jpg,"<img aria-describedby=""product-857400670"" alt=""Ajo morado ecológico Carrefour granel 250 g "" src=""https://static.carrefour.es/hd_280x_/supermercado/bcc_static/catalogImages/product/941463/941463.jpg"" srcset=""https://static.carrefour.es/hd_560x_/supermercado/bcc_static/catalogImages/product/941463/941463.jpg"" width=""100%""> <p class=""title-product"">
Ajo morado ecológico Carrefour granel 250 g </p>"
Jengibre ecológico  granel 300 g aprox,"Envase de 300.0 g. aprox |
5,75 €/kg",,"1,72 €",,https://static.carrefour.es/hd_280x_/supermercado/bcc_static/catalogImages/product/218106/218106.jpg,"<img aria-describedby=""product-prod81456"" alt=""Jengibre ecológico  granel 300 g aprox"" src=""https://static.carrefour.es/hd_280x_/supermercado/bcc_static/catalogImages/product/218106/218106.jpg"" srcset=""https://static.carrefour.es/hd_560x_/supermercado/bcc_static/catalogImages/product/218106/218106.jpg"" width=""100%""> <p class=""title-product"">
Jengibre ecológico  granel 300 g aprox</p>"
Ajo Carrefour Bio a granel 200 g aprox,"Envase de  200.0 g. aprox |
5,99 €/kg",,"1,20 €",,https://static.carrefour.es/hd_280x_/supermercado/bcc_static/catalogImages/product/332219/332219.jpg,"<img aria-describedby=""product-fprod1290082"" alt=""Ajo Carrefour Bio a granel 200 g aprox"" src=""https://static.carrefour.es/hd_280x_/supermercado/bcc_static/catalogImages/product/332219/332219.jpg"" srcset=""https://static.carrefour.es/hd_560x_/supermercado/bcc_static/catalogImages/product/332219/332219.jpg"" width=""100%""> <p class=""title-product"">
Ajo Carrefour Bio a granel 200 g aprox</p>"
Patata cachelo  bolsa 3 kg,"3 kg |
1,31 €/kg",,"3,93 €",,https://static.carrefour.es/hd_280x_/supermercado/bcc_static/catalogImages/product/171118/171118.jpg,"<img aria-describedby=""product-521035057"" alt=""Patata cachelo  bolsa 3 kg"" src=""https://static.carrefour.es/hd_280x_/supermercado/bcc_static/catalogImages/product/171118/171118.jpg"" srcset=""https://static.carrefour.es/hd_560x_/supermercado/bcc_static/catalogImages/product/171118/171118.jpg"" width=""100%""> <p class=""title-product"">
Patata cachelo  bolsa 3 kg</p>"
Curcuma ecológica Carrefour granel 250 g aprox,"Envase de 250.0 g. aprox |
9,95 €/kg",,"2,49 €",,https://static.carrefour.es/hd_280x_/supermercado/bcc_static/catalogImages/product/841531/841531.jpg,"<img aria-describedby=""product-prod620139"" alt=""Curcuma ecológica Carrefour granel 250 g aprox"" src=""https://static.carrefour.es/hd_280x_/supermercado/bcc_static/catalogImages/product/841531/841531.jpg"" srcset=""https://static.carrefour.es/hd_560x_/supermercado/bcc_static/catalogImages/product/841531/841531.jpg"" width=""100%""> <p class=""title-product"">
Curcuma ecológica Carrefour granel 250 g aprox</p>"
Ajo morado  bolsa 1 Kg,"1 kg |
6,95 €/kg",,"6,95 €",,https://static.carrefour.es/hd_280x_/supermercado/bcc_static/catalogImages/product/050192/050192.jpg,"<img aria-describedby=""product-641401670"" alt=""Ajo morado  bolsa 1 Kg"" src=""https://static.carrefour.es/hd_280x_/supermercado/bcc_static/catalogImages/product/050192/050192.jpg"" srcset=""https://static.carrefour.es/hd_560x_/supermercado/bcc_static/catalogImages/product/050192/050192.jpg"" width=""100%""> <p class=""title-product"">
Ajo morado  bolsa 1 Kg</p>"
Ajo morado ecológico Carrefour granel 500 g aprox,"Envase de |
7,98 €/kg",,"3,99 €",,https://static.carrefour.es/hd_280x_/supermercado/bcc_static/catalogImages/product/941468/941468.jpg,"<img aria-describedby=""product-prod840569"" alt=""Ajo morado ecológico Carrefour granel 500 g aprox"" src=""https://static.carrefour.es/hd_280x_/supermercado/bcc_static/catalogImages/product/941468/941468.jpg"" srcset=""https://static.carrefour.es/hd_560x_/supermercado/bcc_static/catalogImages/product/941468/941468.jpg"" width=""100%""> <p class=""title-product"">
Ajo morado ecológico Carrefour granel 500 g aprox</p>"
,,,,,,