Title,kg price,Discounted Price,Actual Price,Actual Price 2,Image,Merchant Product Id HTML
Lechuga iceberg Carrefour 1 ud,"1 ud |
0,59 €/ud","0,59 €",,"0,80 €",https://static.carrefour.es/hd_280x_/supermercado/bcc_static/catalogImages/product/235341/235341.jpg,"<img aria-describedby=""product-fprod1190510"" alt=""Lechuga iceberg Carrefour 1 ud"" src=""https://static.carrefour.es/hd_280x_/supermercado/bcc_static/catalogImages/product/235341/235341.jpg"" srcset=""https://static.carrefour.es/hd_560x_/supermercado/bcc_static/catalogImages/product/235341/235341.jpg"" width=""100%""> <p class=""title-product"">
Lechuga iceberg Carrefour 1 ud</p>"
Guacamole Carrefour tarrina 200 g,"200 g |
7,95 €/kg",,"1,59 €",,https://static.carrefour.es/hd_280x_/supermercado/bcc_static/catalogImages/product/208412/208412.jpg,"<img aria-describedby=""product-prod1160715"" alt=""Guacamole Carrefour tarrina 200 g"" src=""https://static.carrefour.es/hd_280x_/supermercado/bcc_static/catalogImages/product/208412/208412.jpg"" srcset=""https://static.carrefour.es/hd_560x_/supermercado/bcc_static/catalogImages/product/208412/208412.jpg"" width=""100%""> <p class=""title-product"">
Guacamole Carrefour tarrina 200 g</p>"
Ensalada brotes tiernos delicius Carrefour bolsa 100 g,"100 g |
13,50 €/kg",,"1,35 €",,https://static.carrefour.es/hd_280x_/supermercado/bcc_static/catalogImages/product/766820/766820.jpg,"<img aria-describedby=""product-757834499"" alt=""Ensalada brotes tiernos delicius Carrefour bolsa 100 g"" src=""https://static.carrefour.es/hd_280x_/supermercado/bcc_static/catalogImages/product/766820/766820.jpg"" srcset=""https://static.carrefour.es/hd_560x_/supermercado/bcc_static/catalogImages/product/766820/766820.jpg"" width=""100%""> <p class=""title-product"">
Ensalada brotes tiernos delicius Carrefour bolsa 100 g</p>"
Espinaca troceada Carrefour 300 g,"300 g |
3,33 €/kg",,"1,00 €",,https://static.carrefour.es/hd_280x_/supermercado/bcc_static/catalogImages/product/261718/261718.jpg,"<img aria-describedby=""product-526574300"" alt=""Espinaca troceada Carrefour 300 g"" src=""https://static.carrefour.es/hd_280x_/supermercado/bcc_static/catalogImages/product/261718/261718.jpg"" srcset=""https://static.carrefour.es/hd_560x_/supermercado/bcc_static/catalogImages/product/261718/261718.jpg"" width=""100%""> <p class=""title-product"">
Espinaca troceada Carrefour 300 g</p>"
Canónigos Carrefour 125 g,"125 g |
9,52 €/kg",,"1,19 €",,https://static.carrefour.es/hd_280x_/supermercado/bcc_static/catalogImages/product/261722/261722.jpg,"<img aria-describedby=""product-521032341"" alt=""Canónigos Carrefour 125 g"" src=""https://static.carrefour.es/hd_280x_/supermercado/bcc_static/catalogImages/product/261722/261722.jpg"" srcset=""https://static.carrefour.es/hd_560x_/supermercado/bcc_static/catalogImages/product/261722/261722.jpg"" width=""100%""> <p class=""title-product"">
Canónigos Carrefour 125 g</p>"
Ensalada Gourmet mezcla Carrefour 200 g,"200 g |
5,95 €/kg",,"1,19 €",,https://static.carrefour.es/hd_280x_/supermercado/bcc_static/catalogImages/product/261723/261723.jpg,"<img aria-describedby=""product-521032378"" alt=""Ensalada Gourmet mezcla Carrefour 200 g"" src=""https://static.carrefour.es/hd_280x_/supermercado/bcc_static/catalogImages/product/261723/261723.jpg"" srcset=""https://static.carrefour.es/hd_560x_/supermercado/bcc_static/catalogImages/product/261723/261723.jpg"" width=""100%""> <p class=""title-product"">
Ensalada Gourmet mezcla Carrefour 200 g</p>"
Cogollos de lechuga  bandeja 3 pz,"3 ud |
0,36 €/ud",,"1,09 €",,https://static.carrefour.es/hd_280x_/supermercado/bcc_static/catalogImages/product/172307/172307.jpg,"<img aria-describedby=""product-521033001"" alt=""Cogollos de lechuga  bandeja 3 pz "" src=""https://static.carrefour.es/hd_280x_/supermercado/bcc_static/catalogImages/product/172307/172307.jpg"" srcset=""https://static.carrefour.es/hd_560x_/supermercado/bcc_static/catalogImages/product/172307/172307.jpg"" width=""100%""> <p class=""title-product"">
Cogollos de lechuga  bandeja 3 pz </p>"
Ensalada cuatro estaciones Carrefour 250 g,"250 g |
2,36 €/kg",,"0,59 €",,https://static.carrefour.es/hd_280x_/supermercado/bcc_static/catalogImages/product/261721/261721.jpg,"<img aria-describedby=""product-521032376"" alt=""Ensalada cuatro estaciones Carrefour 250 g"" src=""https://static.carrefour.es/hd_280x_/supermercado/bcc_static/catalogImages/product/261721/261721.jpg"" srcset=""https://static.carrefour.es/hd_560x_/supermercado/bcc_static/catalogImages/product/261721/261721.jpg"" width=""100%""> <p class=""title-product"">
Ensalada cuatro estaciones Carrefour 250 g</p>"
Ensalada de brotes de espinaca Carrefour bolsa 250 g,"250 g |
5,16 €/kg",,"1,29 €",,https://static.carrefour.es/hd_280x_/supermercado/bcc_static/catalogImages/product/385965/385965.jpg,"<img aria-describedby=""product-625306284"" alt=""Ensalada de brotes de espinaca Carrefour bolsa 250 g"" src=""https://static.carrefour.es/hd_280x_/supermercado/bcc_static/catalogImages/product/385965/385965.jpg"" srcset=""https://static.carrefour.es/hd_560x_/supermercado/bcc_static/catalogImages/product/385965/385965.jpg"" width=""100%""> <p class=""title-product"">
Ensalada de brotes de espinaca Carrefour bolsa 250 g</p>"
Lechuga iceberg Carrefour 200 g,"200 g |
3,50 €/kg",,"0,70 €",,https://static.carrefour.es/hd_280x_/supermercado/bcc_static/catalogImages/product/522143/522143.png,"<img aria-describedby=""product-521032351"" alt=""Lechuga iceberg Carrefour 200 g"" src=""https://static.carrefour.es/hd_280x_/supermercado/bcc_static/catalogImages/product/522143/522143.png"" srcset=""https://static.carrefour.es/hd_560x_/supermercado/bcc_static/catalogImages/product/522143/522143.png"" width=""100%""> <p class=""title-product"">
Lechuga iceberg Carrefour 200 g</p>"
Preparado de verduras para cocido  bandeja grande 800 g aprox,"Envase de 800.0 g. aprox |
1,25 €/kg",,"1,00 €",,https://static.carrefour.es/hd_280x_/supermercado/bcc_static/catalogImages/product/532800/532800.png,"<img aria-describedby=""product-521032266"" alt=""Preparado de verduras para cocido  bandeja grande 800 g aprox"" src=""https://static.carrefour.es/hd_280x_/supermercado/bcc_static/catalogImages/product/532800/532800.png"" srcset=""https://static.carrefour.es/hd_560x_/supermercado/bcc_static/catalogImages/product/532800/532800.png"" width=""100%""> <p class=""title-product"">
Preparado de verduras para cocido  bandeja grande 800 g aprox</p>"
Rucula Carrefour bolsa 50 g,"50 g |
17,00 €/kg",,"0,85 €",,https://static.carrefour.es/hd_280x_/supermercado/bcc_static/catalogImages/product/766809/766809.jpg,"<img aria-describedby=""product-757834489"" alt=""Rucula Carrefour bolsa 50 g"" src=""https://static.carrefour.es/hd_280x_/supermercado/bcc_static/catalogImages/product/766809/766809.jpg"" srcset=""https://static.carrefour.es/hd_560x_/supermercado/bcc_static/catalogImages/product/766809/766809.jpg"" width=""100%""> <p class=""title-product"">
Rucula Carrefour bolsa 50 g</p>"
Ensalada Cesar Carrefour bowl 215 g,"215 g |
9,26 €/kg",,"1,99 €",,https://static.carrefour.es/hd_280x_/supermercado/bcc_static/catalogImages/product/988650/988650.jpg,"<img aria-describedby=""product-844803399"" alt=""Ensalada Cesar Carrefour bowl 215 g"" src=""https://static.carrefour.es/hd_280x_/supermercado/bcc_static/catalogImages/product/988650/988650.jpg"" srcset=""https://static.carrefour.es/hd_560x_/supermercado/bcc_static/catalogImages/product/988650/988650.jpg"" width=""100%""> <p class=""title-product"">
Ensalada Cesar Carrefour bowl 215 g</p>"
Acelgas cortadas Carrefour 300 g,"300 g |
3,33 €/kg",,"1,00 €",,https://static.carrefour.es/hd_280x_/supermercado/bcc_static/catalogImages/product/261440/261440.jpg,"<img aria-describedby=""product-521032384"" alt=""Acelgas cortadas Carrefour 300 g"" src=""https://static.carrefour.es/hd_280x_/supermercado/bcc_static/catalogImages/product/261440/261440.jpg"" srcset=""https://static.carrefour.es/hd_560x_/supermercado/bcc_static/catalogImages/product/261440/261440.jpg"" width=""100%""> <p class=""title-product"">
Acelgas cortadas Carrefour 300 g</p>"
Canónigo + rúcula Carrefour bolsa 100 g,"100 g |
13,50 €/kg",,"1,35 €",,https://static.carrefour.es/hd_280x_/supermercado/bcc_static/catalogImages/product/108556/108556.jpg,"<img aria-describedby=""product-prod160425"" alt=""Canónigo + rúcula Carrefour bolsa 100 g"" src=""https://static.carrefour.es/hd_280x_/supermercado/bcc_static/catalogImages/product/108556/108556.jpg"" srcset=""https://static.carrefour.es/hd_560x_/supermercado/bcc_static/catalogImages/product/108556/108556.jpg"" width=""100%""> <p class=""title-product"">
Canónigo + rúcula Carrefour bolsa 100 g</p>"
Corazón de cogollos de lechuga Carrefour Calidad y Origen bandeja 6 pz,"500 g |
0,31 €/ud",,"1,85 €",,https://static.carrefour.es/hd_280x_/supermercado/bcc_static/catalogImages/product/390584/390584.jpg,"<img aria-describedby=""product-521032337"" alt=""Corazón de cogollos de lechuga Carrefour Calidad y Origen bandeja 6 pz"" src=""https://static.carrefour.es/hd_280x_/supermercado/bcc_static/catalogImages/product/390584/390584.jpg"" srcset=""https://static.carrefour.es/hd_560x_/supermercado/bcc_static/catalogImages/product/390584/390584.jpg"" width=""100%""> <p class=""title-product"">
Corazón de cogollos de lechuga Carrefour Calidad y Origen bandeja 6 pz</p>"
Lechuga romana  300 g,"1 ud |
1,10 €/ud",,"1,10 €",,https://static.carrefour.es/hd_280x_/supermercado/bcc_static/catalogImages/product/050303/050303.jpg,"<img aria-describedby=""product-521034097"" alt=""Lechuga romana  300 g"" src=""https://static.carrefour.es/hd_280x_/supermercado/bcc_static/catalogImages/product/050303/050303.jpg"" srcset=""https://static.carrefour.es/hd_560x_/supermercado/bcc_static/catalogImages/product/050303/050303.jpg"" width=""100%""> <p class=""title-product"">
Lechuga romana  300 g</p>"
Ensalada mezcla gourmet maxi Carrefour bolsa 350 g,"350 g |
5,47 €/kg",,"1,75 €",,https://static.carrefour.es/hd_280x_/supermercado/bcc_static/catalogImages/product/621854/621854.jpg,"<img aria-describedby=""product-521032361"" alt=""Ensalada mezcla gourmet maxi Carrefour bolsa 350 g"" src=""https://static.carrefour.es/hd_280x_/supermercado/bcc_static/catalogImages/product/621854/621854.jpg"" srcset=""https://static.carrefour.es/hd_560x_/supermercado/bcc_static/catalogImages/product/621854/621854.jpg"" width=""100%""> <p class=""title-product"">
Ensalada mezcla gourmet maxi Carrefour bolsa 350 g</p>"
Patatas Baby al vapor para microondas  bolsa 400 g,"400 g |
2,38 €/kg",,"0,95 €",,https://static.carrefour.es/hd_280x_/supermercado/bcc_static/catalogImages/product/072780/072780.jpg,"<img aria-describedby=""product-711901783"" alt=""Patatas Baby al vapor para microondas  bolsa 400 g"" src=""https://static.carrefour.es/hd_280x_/supermercado/bcc_static/catalogImages/product/072780/072780.jpg"" srcset=""https://static.carrefour.es/hd_560x_/supermercado/bcc_static/catalogImages/product/072780/072780.jpg"" width=""100%""> <p class=""title-product"">
Patatas Baby al vapor para microondas  bolsa 400 g</p>"
Remolacha cocida y pelada Huercasa bolsa 500 g,"500 g |
1,68 €/kg",,"0,84 €",,https://static.carrefour.es/hd_280x_/supermercado/bcc_static/catalogImages/product/431585/431585.jpg,"<img aria-describedby=""product-521032402"" alt=""Remolacha cocida y pelada Huercasa bolsa 500 g"" src=""https://static.carrefour.es/hd_280x_/supermercado/bcc_static/catalogImages/product/431585/431585.jpg"" srcset=""https://static.carrefour.es/hd_560x_/supermercado/bcc_static/catalogImages/product/431585/431585.jpg"" width=""100%""> <p class=""title-product"">
Remolacha cocida y pelada Huercasa bolsa 500 g</p>"
Endivias  bandeja 3/4 pz,"4 ud |
1,42 €/ud",,"1,42 €",,https://static.carrefour.es/hd_280x_/supermercado/bcc_static/catalogImages/product/050220/050220.png,"<img aria-describedby=""product-521032325"" alt=""Endivias  bandeja 3/4 pz "" src=""https://static.carrefour.es/hd_280x_/supermercado/bcc_static/catalogImages/product/050220/050220.png"" srcset=""https://static.carrefour.es/hd_560x_/supermercado/bcc_static/catalogImages/product/050220/050220.png"" width=""100%""> <p class=""title-product"">
Endivias  bandeja 3/4 pz </p>"
Ensalada Baby Leaf Carrefour bolsa 70 g,"70 g |
14,29 €/kg",,"1,00 €",,https://static.carrefour.es/hd_280x_/supermercado/bcc_static/catalogImages/product/644781/644781.jpg,"<img aria-describedby=""product-521032368"" alt=""Ensalada Baby Leaf Carrefour bolsa 70 g"" src=""https://static.carrefour.es/hd_280x_/supermercado/bcc_static/catalogImages/product/644781/644781.jpg"" srcset=""https://static.carrefour.es/hd_560x_/supermercado/bcc_static/catalogImages/product/644781/644781.jpg"" width=""100%""> <p class=""title-product"">
Ensalada Baby Leaf Carrefour bolsa 70 g</p>"
Ensalada César con pollo y queso Florette envase 210 g,"210 g |
13,29 €/kg",,"2,79 €",,https://static.carrefour.es/hd_280x_/supermercado/bcc_static/catalogImages/product/319665/319665.jpg,"<img aria-describedby=""product-719504433"" alt=""Ensalada César con pollo y queso Florette envase 210 g"" src=""https://static.carrefour.es/hd_280x_/supermercado/bcc_static/catalogImages/product/319665/319665.jpg"" srcset=""https://static.carrefour.es/hd_560x_/supermercado/bcc_static/catalogImages/product/319665/319665.jpg"" width=""100%""> <p class=""title-product"">
Ensalada César con pollo y queso Florette envase 210 g</p>"
Brocoli microondas Carrefour envase 230 g,"Envase 230 g |
6,04 €/kg",,"1,39 €",,https://static.carrefour.es/hd_280x_/supermercado/bcc_static/catalogImages/product/302240/302240.jpg,"<img aria-describedby=""product-prod271052"" alt=""Brocoli microondas Carrefour envase 230 g"" src=""https://static.carrefour.es/hd_280x_/supermercado/bcc_static/catalogImages/product/302240/302240.jpg"" srcset=""https://static.carrefour.es/hd_560x_/supermercado/bcc_static/catalogImages/product/302240/302240.jpg"" width=""100%""> <p class=""title-product"">
Brocoli microondas Carrefour envase 230 g</p>"
,,,,,,
Albahaca cortada Carrefour bolsa 20 g,"20 g |
55,00 €/kg",,"1,10 €",,https://static.carrefour.es/hd_280x_/supermercado/bcc_static/catalogImages/product/350555/350555.jpg,"<img aria-describedby=""product-600805215"" alt=""Albahaca cortada Carrefour bolsa 20 g"" src=""https://static.carrefour.es/hd_280x_/supermercado/bcc_static/catalogImages/product/350555/350555.jpg"" srcset=""https://static.carrefour.es/hd_560x_/supermercado/bcc_static/catalogImages/product/350555/350555.jpg"" width=""100%""> <p class=""title-product"">
Albahaca cortada Carrefour bolsa 20 g</p>"
Ensalada vital Carrefour bolsa 150 g,"150 g |
6,67 €/kg",,"1,00 €",,https://static.carrefour.es/hd_280x_/supermercado/bcc_static/catalogImages/product/641524/641524.jpg,"<img aria-describedby=""product-521032364"" alt=""Ensalada vital Carrefour bolsa 150 g"" src=""https://static.carrefour.es/hd_280x_/supermercado/bcc_static/catalogImages/product/641524/641524.jpg"" srcset=""https://static.carrefour.es/hd_560x_/supermercado/bcc_static/catalogImages/product/641524/641524.jpg"" width=""100%""> <p class=""title-product"">
Ensalada vital Carrefour bolsa 150 g</p>"
Ensalada gourmet bowl Florette 180 g,"180 g |
16,39 €/kg",,"2,95 €",,https://static.carrefour.es/hd_280x_/supermercado/bcc_static/catalogImages/product/459151/459151.jpg,"<img aria-describedby=""product-prod390784"" alt=""Ensalada gourmet bowl Florette 180 g"" src=""https://static.carrefour.es/hd_280x_/supermercado/bcc_static/catalogImages/product/459151/459151.jpg"" srcset=""https://static.carrefour.es/hd_560x_/supermercado/bcc_static/catalogImages/product/459151/459151.jpg"" width=""100%""> <p class=""title-product"">
Ensalada gourmet bowl Florette 180 g</p>"
Cilantro cortado Carrefour bolsa 20 g,"20 g |
55,00 €/kg",,"1,10 €",,https://static.carrefour.es/hd_280x_/supermercado/bcc_static/catalogImages/product/350562/350562.jpg,"<img aria-describedby=""product-600804697"" alt=""Cilantro cortado Carrefour bolsa 20 g"" src=""https://static.carrefour.es/hd_280x_/supermercado/bcc_static/catalogImages/product/350562/350562.jpg"" srcset=""https://static.carrefour.es/hd_560x_/supermercado/bcc_static/catalogImages/product/350562/350562.jpg"" width=""100%""> <p class=""title-product"">
Cilantro cortado Carrefour bolsa 20 g</p>"
Ensalada línea Carrefour bolsa 200 g,"200 g |
5,00 €/kg",,"1,00 €",,https://static.carrefour.es/hd_280x_/supermercado/bcc_static/catalogImages/product/641529/641529.jpg,"<img aria-describedby=""product-521032382"" alt=""Ensalada línea Carrefour bolsa 200 g"" src=""https://static.carrefour.es/hd_280x_/supermercado/bcc_static/catalogImages/product/641529/641529.jpg"" srcset=""https://static.carrefour.es/hd_560x_/supermercado/bcc_static/catalogImages/product/641529/641529.jpg"" width=""100%""> <p class=""title-product"">
Ensalada línea Carrefour bolsa 200 g</p>"
"Brócoli,zanahoria y colifor Florette 300 g","300 g |
5,17 €/kg",,"1,55 €",,https://static.carrefour.es/hd_280x_/supermercado/bcc_static/catalogImages/product/460705/460705.png,"<img aria-describedby=""product-823414582"" alt=""Brócoli,zanahoria y colifor Florette 300 g"" src=""https://static.carrefour.es/hd_280x_/supermercado/bcc_static/catalogImages/product/460705/460705.png"" srcset=""https://static.carrefour.es/hd_560x_/supermercado/bcc_static/catalogImages/product/460705/460705.png"" width=""100%""> <p class=""title-product"">
Brócoli,zanahoria y colifor Florette 300 g</p>"
Ensalada de rúcula y pasta Florette envase 320 g,"320 g |
9,22 €/kg",,"2,95 €",,https://static.carrefour.es/hd_280x_/supermercado/bcc_static/catalogImages/product/783856/783856.png,"<img aria-describedby=""product-804269688"" alt=""Ensalada de rúcula y pasta Florette envase 320 g"" src=""https://static.carrefour.es/hd_280x_/supermercado/bcc_static/catalogImages/product/783856/783856.png"" srcset=""https://static.carrefour.es/hd_560x_/supermercado/bcc_static/catalogImages/product/783856/783856.png"" width=""100%""> <p class=""title-product"">
Ensalada de rúcula y pasta Florette envase 320 g</p>"
Lechuga trocadero Carrefour bolsa 150 g,"150 g |
11,00 €/kg",,"1,65 €",,https://static.carrefour.es/hd_280x_/supermercado/bcc_static/catalogImages/product/522128/522128.jpg,"<img aria-describedby=""product-521032345"" alt=""Lechuga trocadero Carrefour bolsa 150 g"" src=""https://static.carrefour.es/hd_280x_/supermercado/bcc_static/catalogImages/product/522128/522128.jpg"" srcset=""https://static.carrefour.es/hd_560x_/supermercado/bcc_static/catalogImages/product/522128/522128.jpg"" width=""100%""> <p class=""title-product"">
Lechuga trocadero Carrefour bolsa 150 g</p>"
Canónigo maxi Carrefour bolsa 200 g,"200 g |
10,00 €/kg",,"2,00 €",,https://static.carrefour.es/hd_280x_/supermercado/bcc_static/catalogImages/product/621858/621858.jpg,"<img aria-describedby=""product-521032349"" alt=""Canónigo maxi Carrefour bolsa 200 g"" src=""https://static.carrefour.es/hd_280x_/supermercado/bcc_static/catalogImages/product/621858/621858.jpg"" srcset=""https://static.carrefour.es/hd_560x_/supermercado/bcc_static/catalogImages/product/621858/621858.jpg"" width=""100%""> <p class=""title-product"">
Canónigo maxi Carrefour bolsa 200 g</p>"
Endivias  bandeja 400 g,"400 g |
2,50 €/kg",,"1,00 €",,https://static.carrefour.es/hd_280x_/supermercado/bcc_static/catalogImages/product/179061/179061.jpg,"<img aria-describedby=""product-531201974"" alt=""Endivias  bandeja 400 g"" src=""https://static.carrefour.es/hd_280x_/supermercado/bcc_static/catalogImages/product/179061/179061.jpg"" srcset=""https://static.carrefour.es/hd_560x_/supermercado/bcc_static/catalogImages/product/179061/179061.jpg"" width=""100%""> <p class=""title-product"">
Endivias  bandeja 400 g</p>"
Escarola fina rizada Carrefour bolsa 150 g,"150 g |
7,67 €/kg",,"1,15 €",,https://static.carrefour.es/hd_280x_/supermercado/bcc_static/catalogImages/product/522123/522123.jpg,"<img aria-describedby=""product-521032343"" alt=""Escarola fina rizada Carrefour bolsa 150 g"" src=""https://static.carrefour.es/hd_280x_/supermercado/bcc_static/catalogImages/product/522123/522123.jpg"" srcset=""https://static.carrefour.es/hd_560x_/supermercado/bcc_static/catalogImages/product/522123/522123.jpg"" width=""100%""> <p class=""title-product"">
Escarola fina rizada Carrefour bolsa 150 g</p>"
Guacamole Carrefour tarrina 500 g,"500 g |
6,58 €/kg",,"3,29 €",,https://static.carrefour.es/hd_280x_/supermercado/bcc_static/catalogImages/product/208335/208335.jpg,"<img aria-describedby=""product-prod1160594"" alt=""Guacamole Carrefour tarrina 500 g"" src=""https://static.carrefour.es/hd_280x_/supermercado/bcc_static/catalogImages/product/208335/208335.jpg"" srcset=""https://static.carrefour.es/hd_560x_/supermercado/bcc_static/catalogImages/product/208335/208335.jpg"" width=""100%""> <p class=""title-product"">
Guacamole Carrefour tarrina 500 g</p>"
Ensalada New Yorker Carrefour bowl 210 g,"210 g |
9,48 €/kg",,"1,99 €",,https://static.carrefour.es/hd_280x_/supermercado/bcc_static/catalogImages/product/988652/988652.jpg,"<img aria-describedby=""product-844803403"" alt=""Ensalada New Yorker Carrefour bowl 210 g"" src=""https://static.carrefour.es/hd_280x_/supermercado/bcc_static/catalogImages/product/988652/988652.jpg"" srcset=""https://static.carrefour.es/hd_560x_/supermercado/bcc_static/catalogImages/product/988652/988652.jpg"" width=""100%""> <p class=""title-product"">
Ensalada New Yorker Carrefour bowl 210 g</p>"
Pimiento asado rojo cortado Campo Rico 350 g,"350 g |
7,14 €/kg",,"2,50 €",,https://static.carrefour.es/hd_280x_/supermercado/bcc_static/catalogImages/product/413615/413615.jpg,"<img aria-describedby=""product-prod160541"" alt=""Pimiento asado rojo cortado Campo Rico 350 g"" src=""https://static.carrefour.es/hd_280x_/supermercado/bcc_static/catalogImages/product/413615/413615.jpg"" srcset=""https://static.carrefour.es/hd_560x_/supermercado/bcc_static/catalogImages/product/413615/413615.jpg"" width=""100%""> <p class=""title-product"">
Pimiento asado rojo cortado Campo Rico 350 g</p>"
Brotes de espinacas - rúcula Carrefour bolsa 150 g,"150 g |
9,93 €/kg",,"1,49 €",,https://static.carrefour.es/hd_280x_/supermercado/bcc_static/catalogImages/product/795442/795442.jpg,"<img aria-describedby=""product-530102451"" alt=""Brotes de espinacas - rúcula Carrefour bolsa 150 g"" src=""https://static.carrefour.es/hd_280x_/supermercado/bcc_static/catalogImages/product/795442/795442.jpg"" srcset=""https://static.carrefour.es/hd_560x_/supermercado/bcc_static/catalogImages/product/795442/795442.jpg"" width=""100%""> <p class=""title-product"">
Brotes de espinacas - rúcula Carrefour bolsa 150 g</p>"
Ensalada gourmet Florette bolsa 175 g,"175 g |
11,14 €/kg",,"1,95 €",,https://static.carrefour.es/hd_280x_/supermercado/bcc_static/catalogImages/product/366004/366004.jpg,"<img aria-describedby=""product-521032355"" alt=""Ensalada gourmet Florette bolsa 175 g"" src=""https://static.carrefour.es/hd_280x_/supermercado/bcc_static/catalogImages/product/366004/366004.jpg"" srcset=""https://static.carrefour.es/hd_560x_/supermercado/bcc_static/catalogImages/product/366004/366004.jpg"" width=""100%""> <p class=""title-product"">
Ensalada gourmet Florette bolsa 175 g</p>"
Ensalada rucula-pasta Carrefour bowl 335 g,"335 g |
7,43 €/kg",,"2,49 €",,https://static.carrefour.es/hd_280x_/supermercado/bcc_static/catalogImages/product/988651/988651.jpg,"<img aria-describedby=""product-844803401"" alt=""Ensalada rucula-pasta Carrefour bowl 335 g"" src=""https://static.carrefour.es/hd_280x_/supermercado/bcc_static/catalogImages/product/988651/988651.jpg"" srcset=""https://static.carrefour.es/hd_560x_/supermercado/bcc_static/catalogImages/product/988651/988651.jpg"" width=""100%""> <p class=""title-product"">
Ensalada rucula-pasta Carrefour bowl 335 g</p>"
Zanahoria rallada Carrefour bolsa 150 g,"150 g |
5,00 €/kg",,"0,75 €",,https://static.carrefour.es/hd_280x_/supermercado/bcc_static/catalogImages/product/522036/522036.jpg,"<img aria-describedby=""product-529916711"" alt=""Zanahoria rallada Carrefour bolsa 150 g"" src=""https://static.carrefour.es/hd_280x_/supermercado/bcc_static/catalogImages/product/522036/522036.jpg"" srcset=""https://static.carrefour.es/hd_560x_/supermercado/bcc_static/catalogImages/product/522036/522036.jpg"" width=""100%""> <p class=""title-product"">
Zanahoria rallada Carrefour bolsa 150 g</p>"
Tomate natural ecológico rallado Carrefour Bio tarrina 230 g,"230 gr. |
6,74 €/kg",,"1,55 €",,https://static.carrefour.es/hd_280x_/supermercado/bcc_static/catalogImages/product/290382/290382.jpg,"<img aria-describedby=""product-prod250554"" alt=""Tomate natural ecológico rallado Carrefour Bio tarrina 230 g"" src=""https://static.carrefour.es/hd_280x_/supermercado/bcc_static/catalogImages/product/290382/290382.jpg"" srcset=""https://static.carrefour.es/hd_560x_/supermercado/bcc_static/catalogImages/product/290382/290382.jpg"" width=""100%""> <p class=""title-product"">
Tomate natural ecológico rallado Carrefour Bio tarrina 230 g</p>"
Lechuga trocadero flow pack  1 ud,"1 ud |
1,19 €/ud",,"1,19 €",,https://static.carrefour.es/hd_280x_/supermercado/bcc_static/catalogImages/product/720362/720362.jpg,"<img aria-describedby=""product-521032297"" alt=""Lechuga trocadero flow pack  1 ud"" src=""https://static.carrefour.es/hd_280x_/supermercado/bcc_static/catalogImages/product/720362/720362.jpg"" srcset=""https://static.carrefour.es/hd_560x_/supermercado/bcc_static/catalogImages/product/720362/720362.jpg"" width=""100%""> <p class=""title-product"">
Lechuga trocadero flow pack  1 ud</p>"
Rabanitos El Dulce 250 g,"250 g |
4,40 €/kg",,"1,10 €",,https://static.carrefour.es/hd_280x_/supermercado/bcc_static/catalogImages/product/175860/175860.png,"<img aria-describedby=""product-521032327"" alt=""Rabanitos El Dulce 250 g"" src=""https://static.carrefour.es/hd_280x_/supermercado/bcc_static/catalogImages/product/175860/175860.png"" srcset=""https://static.carrefour.es/hd_560x_/supermercado/bcc_static/catalogImages/product/175860/175860.png"" width=""100%""> <p class=""title-product"">
Rabanitos El Dulce 250 g</p>"
Cebollino fresco cortado Carrefour bolsa 20 g,"20 g |
55,00 €/kg",,"1,10 €",,https://static.carrefour.es/hd_280x_/supermercado/bcc_static/catalogImages/product/350565/350565.jpg,"<img aria-describedby=""product-600804701"" alt=""Cebollino fresco cortado Carrefour bolsa 20 g"" src=""https://static.carrefour.es/hd_280x_/supermercado/bcc_static/catalogImages/product/350565/350565.jpg"" srcset=""https://static.carrefour.es/hd_560x_/supermercado/bcc_static/catalogImages/product/350565/350565.jpg"" width=""100%""> <p class=""title-product"">
Cebollino fresco cortado Carrefour bolsa 20 g</p>"
Verduras para saltear Wok Carrefour 400 g,"400 g |
4,88 €/kg",,"1,95 €",,https://static.carrefour.es/hd_280x_/supermercado/bcc_static/catalogImages/product/014526/014526.png,"<img aria-describedby=""product-526104355"" alt=""Verduras para saltear Wok Carrefour 400 g"" src=""https://static.carrefour.es/hd_280x_/supermercado/bcc_static/catalogImages/product/014526/014526.png"" srcset=""https://static.carrefour.es/hd_560x_/supermercado/bcc_static/catalogImages/product/014526/014526.png"" width=""100%""> <p class=""title-product"">
Verduras para saltear Wok Carrefour 400 g</p>"
Rucula selvática ecológica Vitacress bolsa 70 g,"70 g |
22,14 €/kg",,"1,55 €",,https://static.carrefour.es/hd_280x_/supermercado/bcc_static/catalogImages/product/064194/064194.jpg,"<img aria-describedby=""product-853100458"" alt=""Rucula selvática ecológica Vitacress bolsa 70 g"" src=""https://static.carrefour.es/hd_280x_/supermercado/bcc_static/catalogImages/product/064194/064194.jpg"" srcset=""https://static.carrefour.es/hd_560x_/supermercado/bcc_static/catalogImages/product/064194/064194.jpg"" width=""100%""> <p class=""title-product"">
Rucula selvática ecológica Vitacress bolsa 70 g</p>"
,,,,,,
Ensalada brotes deluxe Carrefour bolsa 110 g,"110 g |
15,91 €/kg",,"1,75 €",,https://static.carrefour.es/hd_280x_/supermercado/bcc_static/catalogImages/product/385835/385835.jpg,"<img aria-describedby=""product-625419757"" alt=""Ensalada brotes deluxe Carrefour bolsa 110 g"" src=""https://static.carrefour.es/hd_280x_/supermercado/bcc_static/catalogImages/product/385835/385835.jpg"" srcset=""https://static.carrefour.es/hd_560x_/supermercado/bcc_static/catalogImages/product/385835/385835.jpg"" width=""100%""> <p class=""title-product"">
Ensalada brotes deluxe Carrefour bolsa 110 g</p>"
Lechuga hoja de roble roja  1 ud,"1 ud |
1,19 €/ud",,"1,19 €",,https://static.carrefour.es/hd_280x_/supermercado/bcc_static/catalogImages/product/142715/142715.jpg,"<img aria-describedby=""product-521032295"" alt=""Lechuga hoja de roble roja  1 ud"" src=""https://static.carrefour.es/hd_280x_/supermercado/bcc_static/catalogImages/product/142715/142715.jpg"" srcset=""https://static.carrefour.es/hd_560x_/supermercado/bcc_static/catalogImages/product/142715/142715.jpg"" width=""100%""> <p class=""title-product"">
Lechuga hoja de roble roja  1 ud</p>"
Ensalada New Yorker Florette 205 g,"205 g |
13,61 €/kg",,"2,79 €",,https://static.carrefour.es/hd_280x_/supermercado/bcc_static/catalogImages/product/762295/762295.jpg,"<img aria-describedby=""product-752808526"" alt=""Ensalada New Yorker Florette 205 g"" src=""https://static.carrefour.es/hd_280x_/supermercado/bcc_static/catalogImages/product/762295/762295.jpg"" srcset=""https://static.carrefour.es/hd_560x_/supermercado/bcc_static/catalogImages/product/762295/762295.jpg"" width=""100%""> <p class=""title-product"">
Ensalada New Yorker Florette 205 g</p>"
Lechuga batavia verde  1 ud,"1 ud |
1,20 €/ud",,"1,20 €",,https://static.carrefour.es/hd_280x_/supermercado/bcc_static/catalogImages/product/385584/385584.jpg,"<img aria-describedby=""product-521009780"" alt=""Lechuga batavia verde  1 ud"" src=""https://static.carrefour.es/hd_280x_/supermercado/bcc_static/catalogImages/product/385584/385584.jpg"" srcset=""https://static.carrefour.es/hd_560x_/supermercado/bcc_static/catalogImages/product/385584/385584.jpg"" width=""100%""> <p class=""title-product"">
Lechuga batavia verde  1 ud</p>"
Ensalada variada maxi Carrefour bolsa 320 g,"320 g |
5,47 €/kg",,"1,75 €",,https://static.carrefour.es/hd_280x_/supermercado/bcc_static/catalogImages/product/091715/091715.jpg,"<img aria-describedby=""product-529916707"" alt=""Ensalada variada maxi Carrefour bolsa 320 g"" src=""https://static.carrefour.es/hd_280x_/supermercado/bcc_static/catalogImages/product/091715/091715.jpg"" srcset=""https://static.carrefour.es/hd_560x_/supermercado/bcc_static/catalogImages/product/091715/091715.jpg"" width=""100%""> <p class=""title-product"">
Ensalada variada maxi Carrefour bolsa 320 g</p>"
Picada de ajo y perejil Fruits S&P 100 g,"100 g |
13,90 €/kg",,"1,39 €",,https://static.carrefour.es/hd_280x_/supermercado/bcc_static/catalogImages/product/220792/220792.png,"<img aria-describedby=""product-616101660"" alt=""Picada de ajo y perejil Fruits S&amp;P 100 g"" src=""https://static.carrefour.es/hd_280x_/supermercado/bcc_static/catalogImages/product/220792/220792.png"" srcset=""https://static.carrefour.es/hd_560x_/supermercado/bcc_static/catalogImages/product/220792/220792.png"" width=""100%""> <p class=""title-product"">
Picada de ajo y perejil Fruits S&amp;P 100 g</p>"
Corazón de lechuga romana Carrefour 2 unidades de 325 g,"650 g |
2,46 €/kg",,"1,60 €",,https://static.carrefour.es/hd_280x_/supermercado/bcc_static/catalogImages/product/461999/461999.jpg,"<img aria-describedby=""product-521032315"" alt=""Corazón de lechuga romana Carrefour 2 unidades de 325 g"" src=""https://static.carrefour.es/hd_280x_/supermercado/bcc_static/catalogImages/product/461999/461999.jpg"" srcset=""https://static.carrefour.es/hd_560x_/supermercado/bcc_static/catalogImages/product/461999/461999.jpg"" width=""100%""> <p class=""title-product"">
Corazón de lechuga romana Carrefour 2 unidades de 325 g</p>"
Bowl de ensalada cesar light envase 205 g,"Envase de |
2,79 €/ud",,"2,79 €",,https://static.carrefour.es/hd_280x_/supermercado/bcc_static/catalogImages/product/068506/068506.jpg,"<img aria-describedby=""product-prod971650"" alt=""Bowl de ensalada cesar light envase 205 g"" src=""https://static.carrefour.es/hd_280x_/supermercado/bcc_static/catalogImages/product/068506/068506.jpg"" srcset=""https://static.carrefour.es/hd_560x_/supermercado/bcc_static/catalogImages/product/068506/068506.jpg"" width=""100%""> <p class=""title-product"">
Bowl de ensalada cesar light envase 205 g</p>"
Ensalada Capriccio Carrefour bolsa 185 g,"185 g |
13,46 €/kg",,"2,49 €",,https://static.carrefour.es/hd_280x_/supermercado/bcc_static/catalogImages/product/860149/860149.jpg,"<img aria-describedby=""product-prod760276"" alt=""Ensalada Capriccio Carrefour bolsa 185 g"" src=""https://static.carrefour.es/hd_280x_/supermercado/bcc_static/catalogImages/product/860149/860149.jpg"" srcset=""https://static.carrefour.es/hd_560x_/supermercado/bcc_static/catalogImages/product/860149/860149.jpg"" width=""100%""> <p class=""title-product"">
Ensalada Capriccio Carrefour bolsa 185 g</p>"
Ensalada ibérica Florette bolsa 200 g,"200 g |
13,95 €/kg",,"2,79 €",,https://static.carrefour.es/hd_280x_/supermercado/bcc_static/catalogImages/product/783855/783855.jpg,"<img aria-describedby=""product-prod410111"" alt=""Ensalada ibérica Florette bolsa 200 g"" src=""https://static.carrefour.es/hd_280x_/supermercado/bcc_static/catalogImages/product/783855/783855.jpg"" srcset=""https://static.carrefour.es/hd_560x_/supermercado/bcc_static/catalogImages/product/783855/783855.jpg"" width=""100%""> <p class=""title-product"">
Ensalada ibérica Florette bolsa 200 g</p>"
Maíz cocido mini mazorca Huercasa 400 g,"400 g |
4,72 €/kg",,"1,89 €",,https://static.carrefour.es/hd_280x_/supermercado/bcc_static/catalogImages/product/943530/943530.jpg,"<img aria-describedby=""product-prod160724"" alt=""Maíz cocido mini mazorca Huercasa 400 g"" src=""https://static.carrefour.es/hd_280x_/supermercado/bcc_static/catalogImages/product/943530/943530.jpg"" srcset=""https://static.carrefour.es/hd_560x_/supermercado/bcc_static/catalogImages/product/943530/943530.jpg"" width=""100%""> <p class=""title-product"">
Maíz cocido mini mazorca Huercasa 400 g</p>"
Verduras micro vapor,"300 gr. |
5,30 €/kg",,"1,59 €",,https://static.carrefour.es/hd_280x_/supermercado/bcc_static/catalogImages/product/219581/219581.jpg,"<img aria-describedby=""product-prod160390"" alt=""Verduras micro vapor"" src=""https://static.carrefour.es/hd_280x_/supermercado/bcc_static/catalogImages/product/219581/219581.jpg"" srcset=""https://static.carrefour.es/hd_560x_/supermercado/bcc_static/catalogImages/product/219581/219581.jpg"" width=""100%""> <p class=""title-product"">
Verduras micro vapor</p>"
Ensalada optima Florette 205 g,"205 g |
13,61 €/kg",,"2,79 €",,https://static.carrefour.es/hd_280x_/supermercado/bcc_static/catalogImages/product/968370/968370.jpg,"<img aria-describedby=""product-832205102"" alt=""Ensalada optima Florette 205 g"" src=""https://static.carrefour.es/hd_280x_/supermercado/bcc_static/catalogImages/product/968370/968370.jpg"" srcset=""https://static.carrefour.es/hd_560x_/supermercado/bcc_static/catalogImages/product/968370/968370.jpg"" width=""100%""> <p class=""title-product"">
Ensalada optima Florette 205 g</p>"
Ensalada gourmet 8 brotes 100 g,"Envase de |
1,95 €/ud",,"1,95 €",,https://static.carrefour.es/hd_280x_/supermercado/bcc_static/catalogImages/product/822127/822127.jpg,"<img aria-describedby=""product-prod410363"" alt=""Ensalada gourmet 8 brotes 100 g"" src=""https://static.carrefour.es/hd_280x_/supermercado/bcc_static/catalogImages/product/822127/822127.jpg"" srcset=""https://static.carrefour.es/hd_560x_/supermercado/bcc_static/catalogImages/product/822127/822127.jpg"" width=""100%""> <p class=""title-product"">
Ensalada gourmet 8 brotes 100 g</p>"
Noodles con verduras y salsa asiática Florette 315 g,"315 g |
10,13 €/kg",,"3,19 €",,https://static.carrefour.es/hd_280x_/supermercado/bcc_static/catalogImages/product/148465/148465.jpg,"<img aria-describedby=""product-prod1100002"" alt=""Noodles con verduras y salsa asiática Florette 315 g"" src=""https://static.carrefour.es/hd_280x_/supermercado/bcc_static/catalogImages/product/148465/148465.jpg"" srcset=""https://static.carrefour.es/hd_560x_/supermercado/bcc_static/catalogImages/product/148465/148465.jpg"" width=""100%""> <p class=""title-product"">
Noodles con verduras y salsa asiática Florette 315 g</p>"
Maiz dulce cocido Huercasa 400 g,"400 g |
3,38 €/kg",,"1,35 €",,https://static.carrefour.es/hd_280x_/supermercado/bcc_static/catalogImages/product/431849/431849.jpg,"<img aria-describedby=""product-521032400"" alt=""Maiz dulce cocido Huercasa 400 g"" src=""https://static.carrefour.es/hd_280x_/supermercado/bcc_static/catalogImages/product/431849/431849.jpg"" srcset=""https://static.carrefour.es/hd_560x_/supermercado/bcc_static/catalogImages/product/431849/431849.jpg"" width=""100%""> <p class=""title-product"">
Maiz dulce cocido Huercasa 400 g</p>"
Ensalada quinoa y primeros brotes Florette bolsa 270 g,"270 g |
11,81 €/kg",,"3,19 €",,https://static.carrefour.es/hd_280x_/supermercado/bcc_static/catalogImages/product/302252/302252.jpg,"<img aria-describedby=""product-prod271060"" alt=""Ensalada quinoa y primeros brotes Florette bolsa 270 g"" src=""https://static.carrefour.es/hd_280x_/supermercado/bcc_static/catalogImages/product/302252/302252.jpg"" srcset=""https://static.carrefour.es/hd_560x_/supermercado/bcc_static/catalogImages/product/302252/302252.jpg"" width=""100%""> <p class=""title-product"">
Ensalada quinoa y primeros brotes Florette bolsa 270 g</p>"
Cogollos de lechuga Carrefour Calidad y Origen envase 2 pz,"2 ud |
0,48 €/ud",,"0,95 €",,https://static.carrefour.es/hd_280x_/supermercado/bcc_static/catalogImages/product/232832/232832.jpg,"<img aria-describedby=""product-547901665"" alt=""Cogollos de lechuga Carrefour Calidad y Origen envase 2 pz"" src=""https://static.carrefour.es/hd_280x_/supermercado/bcc_static/catalogImages/product/232832/232832.jpg"" srcset=""https://static.carrefour.es/hd_560x_/supermercado/bcc_static/catalogImages/product/232832/232832.jpg"" width=""100%""> <p class=""title-product"">
Cogollos de lechuga Carrefour Calidad y Origen envase 2 pz</p>"
Canónigos y ramilletes primeros brotes Florette 100 g,"100 g |
15,90 €/kg",,"1,59 €",,https://static.carrefour.es/hd_280x_/supermercado/bcc_static/catalogImages/product/856354/856354.jpg,"<img aria-describedby=""product-prod731227"" alt=""Canónigos y ramilletes primeros brotes Florette 100 g"" src=""https://static.carrefour.es/hd_280x_/supermercado/bcc_static/catalogImages/product/856354/856354.jpg"" srcset=""https://static.carrefour.es/hd_560x_/supermercado/bcc_static/catalogImages/product/856354/856354.jpg"" width=""100%""> <p class=""title-product"">
Canónigos y ramilletes primeros brotes Florette 100 g</p>"
Berros Carrefour 125 g,"125 g |
15,92 €/kg",,"1,99 €",,https://static.carrefour.es/hd_280x_/supermercado/bcc_static/catalogImages/product/261727/261727.jpg,"<img aria-describedby=""product-521032339"" alt=""Berros Carrefour 125 g"" src=""https://static.carrefour.es/hd_280x_/supermercado/bcc_static/catalogImages/product/261727/261727.jpg"" srcset=""https://static.carrefour.es/hd_560x_/supermercado/bcc_static/catalogImages/product/261727/261727.jpg"" width=""100%""> <p class=""title-product"">
Berros Carrefour 125 g</p>"
Kale brotes tiernos Carrefour bolsa 100 g,"100 g |
18,50 €/kg",,"1,85 €",,https://static.carrefour.es/hd_280x_/supermercado/bcc_static/catalogImages/product/860117/860117.jpg,"<img aria-describedby=""product-prod760334"" alt=""Kale brotes tiernos Carrefour bolsa 100 g"" src=""https://static.carrefour.es/hd_280x_/supermercado/bcc_static/catalogImages/product/860117/860117.jpg"" srcset=""https://static.carrefour.es/hd_560x_/supermercado/bcc_static/catalogImages/product/860117/860117.jpg"" width=""100%""> <p class=""title-product"">
Kale brotes tiernos Carrefour bolsa 100 g</p>"
Lechuga iceberg ecológica  granel 500 g,"500 g |
1,40 €/ud",,"1,40 €",,https://static.carrefour.es/hd_280x_/supermercado/bcc_static/catalogImages/product/251378/251378.jpg,"<img aria-describedby=""product-prod200023"" alt=""Lechuga iceberg ecológica  granel 500 g"" src=""https://static.carrefour.es/hd_280x_/supermercado/bcc_static/catalogImages/product/251378/251378.jpg"" srcset=""https://static.carrefour.es/hd_560x_/supermercado/bcc_static/catalogImages/product/251378/251378.jpg"" width=""100%""> <p class=""title-product"">
Lechuga iceberg ecológica  granel 500 g</p>"
Topping de ensalda cebolla frita Florette 70 g,"70 g |
1,00 €/ud",,"1,00 €",,https://static.carrefour.es/hd_280x_/supermercado/bcc_static/catalogImages/product/099457/099457.jpg,"<img aria-describedby=""product-prod1022680"" alt=""Topping de ensalda cebolla frita Florette 70 g"" src=""https://static.carrefour.es/hd_280x_/supermercado/bcc_static/catalogImages/product/099457/099457.jpg"" srcset=""https://static.carrefour.es/hd_560x_/supermercado/bcc_static/catalogImages/product/099457/099457.jpg"" width=""100%""> <p class=""title-product"">
Topping de ensalda cebolla frita Florette 70 g</p>"
Pimiento Asado Rojo en tiras Campo Rico 1 kg,"1 kg |
4,85 €/kg",,"4,85 €",,https://static.carrefour.es/hd_280x_/supermercado/bcc_static/catalogImages/product/062801/062801.jpg,"<img aria-describedby=""product-680501871"" alt=""Pimiento Asado Rojo en tiras Campo Rico 1 kg"" src=""https://static.carrefour.es/hd_280x_/supermercado/bcc_static/catalogImages/product/062801/062801.jpg"" srcset=""https://static.carrefour.es/hd_560x_/supermercado/bcc_static/catalogImages/product/062801/062801.jpg"" width=""100%""> <p class=""title-product"">
Pimiento Asado Rojo en tiras Campo Rico 1 kg</p>"
,,,,,,
Brotes de soja verde Fanya Bandeja 200 g,"200 g |
7,25 €/kg",,"1,45 €",,https://static.carrefour.es/hd_280x_/supermercado/bcc_static/catalogImages/product/142876/142876.jpg,"<img aria-describedby=""product-522713974"" alt=""Brotes de soja verde Fanya Bandeja 200 g"" src=""https://static.carrefour.es/hd_280x_/supermercado/bcc_static/catalogImages/product/142876/142876.jpg"" srcset=""https://static.carrefour.es/hd_560x_/supermercado/bcc_static/catalogImages/product/142876/142876.jpg"" width=""100%""> <p class=""title-product"">
Brotes de soja verde Fanya Bandeja 200 g</p>"
Hierbabuena fresca cortada Carrefour bolsa 20 g,"20 g |
55,00 €/kg",,"1,10 €",,https://static.carrefour.es/hd_280x_/supermercado/bcc_static/catalogImages/product/350554/350554.jpg,"<img aria-describedby=""product-600805213"" alt=""Hierbabuena fresca cortada Carrefour bolsa 20 g"" src=""https://static.carrefour.es/hd_280x_/supermercado/bcc_static/catalogImages/product/350554/350554.jpg"" srcset=""https://static.carrefour.es/hd_560x_/supermercado/bcc_static/catalogImages/product/350554/350554.jpg"" width=""100%""> <p class=""title-product"">
Hierbabuena fresca cortada Carrefour bolsa 20 g</p>"
Ensalada de la huerta Diquesí 400 g,"400 g |
4,48 €/kg",,"1,79 €",,https://static.carrefour.es/hd_280x_/supermercado/bcc_static/catalogImages/product/080090/080090.png,"<img aria-describedby=""product-689002562"" alt=""Ensalada de la huerta Diquesí 400 g"" src=""https://static.carrefour.es/hd_280x_/supermercado/bcc_static/catalogImages/product/080090/080090.png"" srcset=""https://static.carrefour.es/hd_560x_/supermercado/bcc_static/catalogImages/product/080090/080090.png"" width=""100%""> <p class=""title-product"">
Ensalada de la huerta Diquesí 400 g</p>"
Patata pelada cocida esterilizada Huercasa 500 g,"500 g |
3,98 €/kg",,"1,99 €",,https://static.carrefour.es/hd_280x_/supermercado/bcc_static/catalogImages/product/495186/495186.jpg,"<img aria-describedby=""product-521032398"" alt=""Patata pelada cocida esterilizada Huercasa 500 g"" src=""https://static.carrefour.es/hd_280x_/supermercado/bcc_static/catalogImages/product/495186/495186.jpg"" srcset=""https://static.carrefour.es/hd_560x_/supermercado/bcc_static/catalogImages/product/495186/495186.jpg"" width=""100%""> <p class=""title-product"">
Patata pelada cocida esterilizada Huercasa 500 g</p>"
Guacamole picante tarrina 200 g,"200 g |
7,95 €/kg",,"1,59 €",,https://static.carrefour.es/hd_280x_/supermercado/bcc_static/catalogImages/product/808914/808914.jpg,"<img aria-describedby=""product-632902042"" alt=""Guacamole picante tarrina 200 g"" src=""https://static.carrefour.es/hd_280x_/supermercado/bcc_static/catalogImages/product/808914/808914.jpg"" srcset=""https://static.carrefour.es/hd_560x_/supermercado/bcc_static/catalogImages/product/808914/808914.jpg"" width=""100%""> <p class=""title-product"">
Guacamole picante tarrina 200 g</p>"
Topping de ensalada picatostes ajo-hierbas Florette 70 g,"70 g |
1,00 €/ud",,"1,00 €",,https://static.carrefour.es/hd_280x_/supermercado/bcc_static/catalogImages/product/099383/099383.jpg,"<img aria-describedby=""product-prod1022691"" alt=""Topping de ensalada picatostes ajo-hierbas Florette 70 g"" src=""https://static.carrefour.es/hd_280x_/supermercado/bcc_static/catalogImages/product/099383/099383.jpg"" srcset=""https://static.carrefour.es/hd_560x_/supermercado/bcc_static/catalogImages/product/099383/099383.jpg"" width=""100%""> <p class=""title-product"">
Topping de ensalada picatostes ajo-hierbas Florette 70 g</p>"
Brotes de alfalfa Fanya bandeja 100 g,"100 g |
14,50 €/kg",,"1,45 €",,https://static.carrefour.es/hd_280x_/supermercado/bcc_static/catalogImages/product/142873/142873.jpg,"<img aria-describedby=""product-525888061"" alt=""Brotes de alfalfa Fanya bandeja 100 g"" src=""https://static.carrefour.es/hd_280x_/supermercado/bcc_static/catalogImages/product/142873/142873.jpg"" srcset=""https://static.carrefour.es/hd_560x_/supermercado/bcc_static/catalogImages/product/142873/142873.jpg"" width=""100%""> <p class=""title-product"">
Brotes de alfalfa Fanya bandeja 100 g</p>"
Hoja de roble verde 1 ud,"1 ud |
1,19 €/ud",,"1,19 €",,https://static.carrefour.es/hd_280x_/supermercado/bcc_static/catalogImages/product/142716/142716.jpg,"<img aria-describedby=""product-525888055"" alt=""Hoja de roble verde 1 ud"" src=""https://static.carrefour.es/hd_280x_/supermercado/bcc_static/catalogImages/product/142716/142716.jpg"" srcset=""https://static.carrefour.es/hd_560x_/supermercado/bcc_static/catalogImages/product/142716/142716.jpg"" width=""100%""> <p class=""title-product"">
Hoja de roble verde 1 ud</p>"
Arroz con verduras y salsa suave de curry Florette 345 g,"345 g |
9,25 €/kg",,"3,19 €",,https://static.carrefour.es/hd_280x_/supermercado/bcc_static/catalogImages/product/148463/148463.jpg,"<img aria-describedby=""product-prod1100003"" alt=""Arroz con verduras y salsa suave de curry Florette 345 g"" src=""https://static.carrefour.es/hd_280x_/supermercado/bcc_static/catalogImages/product/148463/148463.jpg"" srcset=""https://static.carrefour.es/hd_560x_/supermercado/bcc_static/catalogImages/product/148463/148463.jpg"" width=""100%""> <p class=""title-product"">
Arroz con verduras y salsa suave de curry Florette 345 g</p>"
Sobrasada de boniato 150 g,"150 g |
11,93 €/kg",,"1,79 €",,https://static.carrefour.es/hd_280x_/supermercado/bcc_static/catalogImages/product/122790/122790.jpg,"<img aria-describedby=""product-prod1060104"" alt=""Sobrasada de boniato 150 g"" src=""https://static.carrefour.es/hd_280x_/supermercado/bcc_static/catalogImages/product/122790/122790.jpg"" srcset=""https://static.carrefour.es/hd_560x_/supermercado/bcc_static/catalogImages/product/122790/122790.jpg"" width=""100%""> <p class=""title-product"">
Sobrasada de boniato 150 g</p>"
Verduras barbacoa  bandeja 300 g aprox,"Envase de 300.0 g. aprox |
1,89 €/kg",,"0,57 €",,https://static.carrefour.es/hd_280x_/supermercado/bcc_static/catalogImages/product/902360/902360.jpg,"<img aria-describedby=""product-prod160525"" alt=""Verduras barbacoa  bandeja 300 g aprox"" src=""https://static.carrefour.es/hd_280x_/supermercado/bcc_static/catalogImages/product/902360/902360.jpg"" srcset=""https://static.carrefour.es/hd_560x_/supermercado/bcc_static/catalogImages/product/902360/902360.jpg"" width=""100%""> <p class=""title-product"">
Verduras barbacoa  bandeja 300 g aprox</p>"
Ensalada mezclum max Carrefour 200 g,"200 g. |
7,50 €/kg",,"1,50 €",,https://static.carrefour.es/hd_280x_/supermercado/bcc_static/catalogImages/product/385839/385839.jpg,"<img aria-describedby=""product-628401775"" alt=""Ensalada mezclum max Carrefour 200 g"" src=""https://static.carrefour.es/hd_280x_/supermercado/bcc_static/catalogImages/product/385839/385839.jpg"" srcset=""https://static.carrefour.es/hd_560x_/supermercado/bcc_static/catalogImages/product/385839/385839.jpg"" width=""100%""> <p class=""title-product"">
Ensalada mezclum max Carrefour 200 g</p>"
Cogollos de lechuga ecológicos Carrefour Bio bolsa 2 pz,"2 ud |
0,74 €/ud",,"1,49 €",,https://static.carrefour.es/hd_280x_/supermercado/bcc_static/catalogImages/product/038263/038263.jpg,"<img aria-describedby=""product-600709100"" alt=""Cogollos de lechuga ecológicos Carrefour Bio bolsa 2 pz"" src=""https://static.carrefour.es/hd_280x_/supermercado/bcc_static/catalogImages/product/038263/038263.jpg"" srcset=""https://static.carrefour.es/hd_560x_/supermercado/bcc_static/catalogImages/product/038263/038263.jpg"" width=""100%""> <p class=""title-product"">
Cogollos de lechuga ecológicos Carrefour Bio bolsa 2 pz</p>"
Espaguetis calabaza Frujuca 250 g,"250 g |
7,80 €/kg",,"1,95 €",,https://static.carrefour.es/hd_280x_/supermercado/bcc_static/catalogImages/product/302244/302244.jpg,"<img aria-describedby=""product-prod271049"" alt=""Espaguetis calabaza Frujuca 250 g"" src=""https://static.carrefour.es/hd_280x_/supermercado/bcc_static/catalogImages/product/302244/302244.jpg"" srcset=""https://static.carrefour.es/hd_560x_/supermercado/bcc_static/catalogImages/product/302244/302244.jpg"" width=""100%""> <p class=""title-product"">
Espaguetis calabaza Frujuca 250 g</p>"
Ensalada capriccio maxi Carrefour bolsa 150 g,"150 g |
12,33 €/kg",,"1,85 €",,https://static.carrefour.es/hd_280x_/supermercado/bcc_static/catalogImages/product/766812/766812.jpg,"<img aria-describedby=""product-757834491"" alt=""Ensalada capriccio maxi Carrefour bolsa 150 g"" src=""https://static.carrefour.es/hd_280x_/supermercado/bcc_static/catalogImages/product/766812/766812.jpg"" srcset=""https://static.carrefour.es/hd_560x_/supermercado/bcc_static/catalogImages/product/766812/766812.jpg"" width=""100%""> <p class=""title-product"">
Ensalada capriccio maxi Carrefour bolsa 150 g</p>"
Ensalada vegana Carrefour bolsa 145 g,"145 g |
17,17 €/kg",,"2,49 €",,https://static.carrefour.es/hd_280x_/supermercado/bcc_static/catalogImages/product/860148/860148.jpg,"<img aria-describedby=""product-prod760275"" alt=""Ensalada vegana Carrefour bolsa 145 g"" src=""https://static.carrefour.es/hd_280x_/supermercado/bcc_static/catalogImages/product/860148/860148.jpg"" srcset=""https://static.carrefour.es/hd_560x_/supermercado/bcc_static/catalogImages/product/860148/860148.jpg"" width=""100%""> <p class=""title-product"">
Ensalada vegana Carrefour bolsa 145 g</p>"
Sopa Juliana Trevijano bandeja 100 g,"100 g |
10,00 €/kg",,"1,00 €",,https://static.carrefour.es/hd_280x_/supermercado/bcc_static/catalogImages/product/050323/050323.jpg,"<img aria-describedby=""product-823606817"" alt=""Sopa Juliana Trevijano bandeja 100 g"" src=""https://static.carrefour.es/hd_280x_/supermercado/bcc_static/catalogImages/product/050323/050323.jpg"" srcset=""https://static.carrefour.es/hd_560x_/supermercado/bcc_static/catalogImages/product/050323/050323.jpg"" width=""100%""> <p class=""title-product"">
Sopa Juliana Trevijano bandeja 100 g</p>"
Pimiento asado entero rojo Campo Rico 330 g,"330 g |
7,42 €/kg",,"2,45 €",,https://static.carrefour.es/hd_280x_/supermercado/bcc_static/catalogImages/product/427102/427102.png,"<img aria-describedby=""product-521032404"" alt=""Pimiento asado entero rojo Campo Rico 330 g "" src=""https://static.carrefour.es/hd_280x_/supermercado/bcc_static/catalogImages/product/427102/427102.png"" srcset=""https://static.carrefour.es/hd_560x_/supermercado/bcc_static/catalogImages/product/427102/427102.png"" width=""100%""> <p class=""title-product"">
Pimiento asado entero rojo Campo Rico 330 g </p>"
Ensalada Ibérica Carrefour 100 g,"100 g |
14,50 €/kg",,"1,45 €",,https://static.carrefour.es/hd_280x_/supermercado/bcc_static/catalogImages/product/037590/037590.jpg,"<img aria-describedby=""product-711901733"" alt=""Ensalada Ibérica Carrefour 100 g"" src=""https://static.carrefour.es/hd_280x_/supermercado/bcc_static/catalogImages/product/037590/037590.jpg"" srcset=""https://static.carrefour.es/hd_560x_/supermercado/bcc_static/catalogImages/product/037590/037590.jpg"" width=""100%""> <p class=""title-product"">
Ensalada Ibérica Carrefour 100 g</p>"
Topping de ensalada picatostes cesar Florette 70 g,"70 g |
1,00 €/ud",,"1,00 €",,https://static.carrefour.es/hd_280x_/supermercado/bcc_static/catalogImages/product/023101/023101.jpg,"<img aria-describedby=""product-prod160429"" alt=""Topping de ensalada picatostes cesar Florette 70 g"" src=""https://static.carrefour.es/hd_280x_/supermercado/bcc_static/catalogImages/product/023101/023101.jpg"" srcset=""https://static.carrefour.es/hd_560x_/supermercado/bcc_static/catalogImages/product/023101/023101.jpg"" width=""100%""> <p class=""title-product"">
Topping de ensalada picatostes cesar Florette 70 g</p>"
Escarola rizada  300 g ud,"1 ud |
1,45 €/ud",,"1,45 €",,https://static.carrefour.es/hd_280x_/supermercado/bcc_static/catalogImages/product/050298/050298.jpg,"<img aria-describedby=""product-522714495"" alt=""Escarola rizada  300 g ud"" src=""https://static.carrefour.es/hd_280x_/supermercado/bcc_static/catalogImages/product/050298/050298.jpg"" srcset=""https://static.carrefour.es/hd_560x_/supermercado/bcc_static/catalogImages/product/050298/050298.jpg"" width=""100%""> <p class=""title-product"">
Escarola rizada  300 g ud</p>"
Espinacas con garbanzos Campo Rico 360 g,"360 g |
8,31 €/kg",,"2,99 €",,https://static.carrefour.es/hd_280x_/supermercado/bcc_static/catalogImages/product/816663/816663.jpg,"<img aria-describedby=""product-646601821"" alt=""Espinacas con garbanzos Campo Rico 360 g"" src=""https://static.carrefour.es/hd_280x_/supermercado/bcc_static/catalogImages/product/816663/816663.jpg"" srcset=""https://static.carrefour.es/hd_560x_/supermercado/bcc_static/catalogImages/product/816663/816663.jpg"" width=""100%""> <p class=""title-product"">
Espinacas con garbanzos Campo Rico 360 g</p>"
Pisto tradicional Campo Rico 380 g,"380 g |
7,76 €/kg",,"2,95 €",,https://static.carrefour.es/hd_280x_/supermercado/bcc_static/catalogImages/product/692527/692527.jpg,"<img aria-describedby=""product-602104526"" alt=""Pisto tradicional Campo Rico 380 g"" src=""https://static.carrefour.es/hd_280x_/supermercado/bcc_static/catalogImages/product/692527/692527.jpg"" srcset=""https://static.carrefour.es/hd_560x_/supermercado/bcc_static/catalogImages/product/692527/692527.jpg"" width=""100%""> <p class=""title-product"">
Pisto tradicional Campo Rico 380 g</p>"
Sopa juliana deshidratada Trevijano envase 100 g,"100 g |
22,50 €/kg",,"2,25 €",,https://static.carrefour.es/hd_280x_/supermercado/bcc_static/catalogImages/product/286804/286804.jpg,"<img aria-describedby=""product-600709204"" alt=""Sopa juliana deshidratada Trevijano envase 100 g"" src=""https://static.carrefour.es/hd_280x_/supermercado/bcc_static/catalogImages/product/286804/286804.jpg"" srcset=""https://static.carrefour.es/hd_560x_/supermercado/bcc_static/catalogImages/product/286804/286804.jpg"" width=""100%""> <p class=""title-product"">
Sopa juliana deshidratada Trevijano envase 100 g</p>"
,,,,,,
Ensalada antioxidante cuidate 100 g,"100 g |
16,50 €/kg",,"1,65 €",,https://static.carrefour.es/hd_280x_/supermercado/bcc_static/catalogImages/product/864435/864435.jpg,"<img aria-describedby=""product-prod1140226"" alt=""Ensalada antioxidante cuidate 100 g"" src=""https://static.carrefour.es/hd_280x_/supermercado/bcc_static/catalogImages/product/864435/864435.jpg"" srcset=""https://static.carrefour.es/hd_560x_/supermercado/bcc_static/catalogImages/product/864435/864435.jpg"" width=""100%""> <p class=""title-product"">
Ensalada antioxidante cuidate 100 g</p>"
Bowl ensalada enrollados 300 g,"Envase de |
3,19 €/ud",,"3,19 €",,https://static.carrefour.es/hd_280x_/supermercado/bcc_static/catalogImages/product/232730/232730.jpg,"<img aria-describedby=""product-prod160048"" alt=""Bowl ensalada enrollados 300 g"" src=""https://static.carrefour.es/hd_280x_/supermercado/bcc_static/catalogImages/product/232730/232730.jpg"" srcset=""https://static.carrefour.es/hd_560x_/supermercado/bcc_static/catalogImages/product/232730/232730.jpg"" width=""100%""> <p class=""title-product"">
Bowl ensalada enrollados 300 g</p>"
Salsa mostaza dijon-miel Florette 250 cl,"250 ml. |
1,89 €/ud",,"1,89 €",,https://static.carrefour.es/hd_280x_/supermercado/bcc_static/catalogImages/product/840509/840509.jpg,"<img aria-describedby=""product-prod590894"" alt=""Salsa mostaza dijon-miel Florette 250 cl"" src=""https://static.carrefour.es/hd_280x_/supermercado/bcc_static/catalogImages/product/840509/840509.jpg"" srcset=""https://static.carrefour.es/hd_560x_/supermercado/bcc_static/catalogImages/product/840509/840509.jpg"" width=""100%""> <p class=""title-product"">
Salsa mostaza dijon-miel Florette 250 cl</p>"
Topping de ensalada picatostes originales Florette 65 g,"65 g |
1,00 €/ud",,"1,00 €",,https://static.carrefour.es/hd_280x_/supermercado/bcc_static/catalogImages/product/099367/099367.jpg,"<img aria-describedby=""product-prod1022693"" alt=""Topping de ensalada picatostes originales Florette 65 g"" src=""https://static.carrefour.es/hd_280x_/supermercado/bcc_static/catalogImages/product/099367/099367.jpg"" srcset=""https://static.carrefour.es/hd_560x_/supermercado/bcc_static/catalogImages/product/099367/099367.jpg"" width=""100%""> <p class=""title-product"">
Topping de ensalada picatostes originales Florette 65 g</p>"
Topping ensalada frutos secos Florette 70 g,"70 g |
1,50 €/ud",,"1,50 €",,https://static.carrefour.es/hd_280x_/supermercado/bcc_static/catalogImages/product/838170/838170.jpg,"<img aria-describedby=""product-prod590267"" alt=""Topping ensalada frutos secos Florette 70 g"" src=""https://static.carrefour.es/hd_280x_/supermercado/bcc_static/catalogImages/product/838170/838170.jpg"" srcset=""https://static.carrefour.es/hd_560x_/supermercado/bcc_static/catalogImages/product/838170/838170.jpg"" width=""100%""> <p class=""title-product"">
Topping ensalada frutos secos Florette 70 g</p>"
Brote batavia verde Carrefour bolsa 100 g,"100 g |
13,50 €/kg",,"1,35 €",,https://static.carrefour.es/hd_280x_/supermercado/bcc_static/catalogImages/product/766807/766807.jpg,"<img aria-describedby=""product-757834487"" alt=""Brote batavia verde Carrefour bolsa 100 g"" src=""https://static.carrefour.es/hd_280x_/supermercado/bcc_static/catalogImages/product/766807/766807.jpg"" srcset=""https://static.carrefour.es/hd_560x_/supermercado/bcc_static/catalogImages/product/766807/766807.jpg"" width=""100%""> <p class=""title-product"">
Brote batavia verde Carrefour bolsa 100 g</p>"
Risotto de hongos deshidratado Trevijano envase 280 g,"280 g |
9,82 €/kg",,"2,75 €",,https://static.carrefour.es/hd_280x_/supermercado/bcc_static/catalogImages/product/256067/256067.jpg,"<img aria-describedby=""product-600709174"" alt=""Risotto de hongos deshidratado Trevijano envase 280 g"" src=""https://static.carrefour.es/hd_280x_/supermercado/bcc_static/catalogImages/product/256067/256067.jpg"" srcset=""https://static.carrefour.es/hd_560x_/supermercado/bcc_static/catalogImages/product/256067/256067.jpg"" width=""100%""> <p class=""title-product"">
Risotto de hongos deshidratado Trevijano envase 280 g</p>"
Salsa de modena y miel Prima Flor 250 ml,"250 Ml |
1,89 €/ud",,"1,89 €",,https://static.carrefour.es/hd_280x_/supermercado/bcc_static/catalogImages/product/021093/021093.jpg,"<img aria-describedby=""product-prod160299"" alt=""Salsa de modena y miel Prima Flor 250 ml"" src=""https://static.carrefour.es/hd_280x_/supermercado/bcc_static/catalogImages/product/021093/021093.jpg"" srcset=""https://static.carrefour.es/hd_560x_/supermercado/bcc_static/catalogImages/product/021093/021093.jpg"" width=""100%""> <p class=""title-product"">
Salsa de modena y miel Prima Flor 250 ml</p>"
Ensalada gourmet estacional Florette 150 g,"150 g |
11,93 €/kg",,"1,79 €",,https://static.carrefour.es/hd_280x_/supermercado/bcc_static/catalogImages/product/864439/864439.jpg,"<img aria-describedby=""product-prod840521"" alt=""Ensalada gourmet estacional Florette 150 g"" src=""https://static.carrefour.es/hd_280x_/supermercado/bcc_static/catalogImages/product/864439/864439.jpg"" srcset=""https://static.carrefour.es/hd_560x_/supermercado/bcc_static/catalogImages/product/864439/864439.jpg"" width=""100%""> <p class=""title-product"">
Ensalada gourmet estacional Florette 150 g</p>"
Lechuga lollo rosso 1 ud,"1 ud |
1,19 €/ud",,"1,19 €",,https://static.carrefour.es/hd_280x_/supermercado/bcc_static/catalogImages/product/142726/142726.gif,"<img aria-describedby=""product-522714497"" alt=""Lechuga lollo rosso 1 ud"" src=""https://static.carrefour.es/hd_280x_/supermercado/bcc_static/catalogImages/product/142726/142726.gif"" srcset=""https://static.carrefour.es/hd_560x_/supermercado/bcc_static/catalogImages/product/142726/142726.gif"" width=""100%""> <p class=""title-product"">
Lechuga lollo rosso 1 ud</p>"
Topping ensalada semilla superali Florette 100 g,"100 g |
1,50 €/ud",,"1,50 €",,https://static.carrefour.es/hd_280x_/supermercado/bcc_static/catalogImages/product/838175/838175.jpg,"<img aria-describedby=""product-prod590270"" alt=""Topping ensalada semilla superali Florette 100 g"" src=""https://static.carrefour.es/hd_280x_/supermercado/bcc_static/catalogImages/product/838175/838175.jpg"" srcset=""https://static.carrefour.es/hd_560x_/supermercado/bcc_static/catalogImages/product/838175/838175.jpg"" width=""100%""> <p class=""title-product"">
Topping ensalada semilla superali Florette 100 g</p>"
Hierbabuena cortada El Dulce 70 g,"70 g |
16,43 €/kg",,"1,15 €",,https://static.carrefour.es/hd_280x_/supermercado/bcc_static/catalogImages/product/399763/399763.png,"<img aria-describedby=""product-617801622"" alt=""Hierbabuena cortada El Dulce 70 g"" src=""https://static.carrefour.es/hd_280x_/supermercado/bcc_static/catalogImages/product/399763/399763.png"" srcset=""https://static.carrefour.es/hd_560x_/supermercado/bcc_static/catalogImages/product/399763/399763.png"" width=""100%""> <p class=""title-product"">
Hierbabuena cortada El Dulce 70 g</p>"
Corazón de escarola rizada Huerta de Peralta 450 g,"450 g |
3,78 €/kg",,"1,70 €",,https://static.carrefour.es/hd_280x_/supermercado/bcc_static/catalogImages/product/053841/053841.jpg,"<img aria-describedby=""product-527030406"" alt=""Corazón de escarola rizada Huerta de Peralta 450 g"" src=""https://static.carrefour.es/hd_280x_/supermercado/bcc_static/catalogImages/product/053841/053841.jpg"" srcset=""https://static.carrefour.es/hd_560x_/supermercado/bcc_static/catalogImages/product/053841/053841.jpg"" width=""100%""> <p class=""title-product"">
Corazón de escarola rizada Huerta de Peralta 450 g</p>"
Alga kombu deshidratada ecológica Porto Muiños 25 g.,"25 g |
84,00 €/kg",,"2,10 €",,https://static.carrefour.es/hd_280x_/supermercado/bcc_static/catalogImages/product/795948/795948.png,"<img aria-describedby=""product-590216481"" alt=""Alga kombu deshidratada ecológica Porto Muiños 25 g."" src=""https://static.carrefour.es/hd_280x_/supermercado/bcc_static/catalogImages/product/795948/795948.png"" srcset=""https://static.carrefour.es/hd_560x_/supermercado/bcc_static/catalogImages/product/795948/795948.png"" width=""100%""> <p class=""title-product"">
Alga kombu deshidratada ecológica Porto Muiños 25 g.</p>"
Risotto mediterráneo deshidratado Trevijano envase 280 g,"280 g |
8,89 €/kg",,"2,49 €",,https://static.carrefour.es/hd_280x_/supermercado/bcc_static/catalogImages/product/256063/256063.jpg,"<img aria-describedby=""product-600709172"" alt=""Risotto mediterráneo deshidratado Trevijano envase 280 g"" src=""https://static.carrefour.es/hd_280x_/supermercado/bcc_static/catalogImages/product/256063/256063.jpg"" srcset=""https://static.carrefour.es/hd_560x_/supermercado/bcc_static/catalogImages/product/256063/256063.jpg"" width=""100%""> <p class=""title-product"">
Risotto mediterráneo deshidratado Trevijano envase 280 g</p>"
Alga Wakame deshidratada troceada Trevijano bandeja 50 g,"50 g |
49,80 €/kg",,"2,49 €",,https://static.carrefour.es/hd_280x_/supermercado/bcc_static/catalogImages/product/407630/407630.jpg,"<img aria-describedby=""product-prod840537"" alt=""Alga Wakame deshidratada troceada Trevijano bandeja 50 g"" src=""https://static.carrefour.es/hd_280x_/supermercado/bcc_static/catalogImages/product/407630/407630.jpg"" srcset=""https://static.carrefour.es/hd_560x_/supermercado/bcc_static/catalogImages/product/407630/407630.jpg"" width=""100%""> <p class=""title-product"">
Alga Wakame deshidratada troceada Trevijano bandeja 50 g</p>"
Pisto tradicional ecológico Campo Rico 250 g,"250 g |
11,96 €/kg",,"2,99 €",,https://static.carrefour.es/hd_280x_/supermercado/bcc_static/catalogImages/product/061763/061763.jpg,"<img aria-describedby=""product-prod970913"" alt=""Pisto tradicional ecológico Campo Rico 250 g"" src=""https://static.carrefour.es/hd_280x_/supermercado/bcc_static/catalogImages/product/061763/061763.jpg"" srcset=""https://static.carrefour.es/hd_560x_/supermercado/bcc_static/catalogImages/product/061763/061763.jpg"" width=""100%""> <p class=""title-product"">
Pisto tradicional ecológico Campo Rico 250 g</p>"
Pak Choi Vegui San 300 g,"300 g |
3,17 €/kg",,"0,95 €",,https://static.carrefour.es/hd_280x_/supermercado/bcc_static/catalogImages/product/338312/338312.jpg,"<img aria-describedby=""product-prod280045"" alt=""Pak Choi Vegui San 300 g"" src=""https://static.carrefour.es/hd_280x_/supermercado/bcc_static/catalogImages/product/338312/338312.jpg"" srcset=""https://static.carrefour.es/hd_560x_/supermercado/bcc_static/catalogImages/product/338312/338312.jpg"" width=""100%""> <p class=""title-product"">
Pak Choi Vegui San 300 g</p>"
Ñora entera deshidratada Trevijano bandeja 60 g,"60 g |
37,50 €/kg",,"2,25 €",,https://static.carrefour.es/hd_280x_/supermercado/bcc_static/catalogImages/product/407624/407624.jpg,"<img aria-describedby=""product-prod68367"" alt=""Ñora entera deshidratada Trevijano bandeja 60 g"" src=""https://static.carrefour.es/hd_280x_/supermercado/bcc_static/catalogImages/product/407624/407624.jpg"" srcset=""https://static.carrefour.es/hd_560x_/supermercado/bcc_static/catalogImages/product/407624/407624.jpg"" width=""100%""> <p class=""title-product"">
Ñora entera deshidratada Trevijano bandeja 60 g</p>"
Salsa cesar Prima Flor 250 ml,"250 ml. |
8,40 €/l",,"2,10 €",,https://static.carrefour.es/hd_280x_/supermercado/bcc_static/catalogImages/product/865946/865946.png,"<img aria-describedby=""product-780796823"" alt=""Salsa cesar Prima Flor 250 ml"" src=""https://static.carrefour.es/hd_280x_/supermercado/bcc_static/catalogImages/product/865946/865946.png"" srcset=""https://static.carrefour.es/hd_560x_/supermercado/bcc_static/catalogImages/product/865946/865946.png"" width=""100%""> <p class=""title-product"">
Salsa cesar Prima Flor 250 ml</p>"
Cilantro tubo Gourmet Garden 80 g,"80 g |
37,38 €/kg",,"2,99 €",,https://static.carrefour.es/hd_280x_/supermercado/bcc_static/catalogImages/product/309949/309949.jpg,"<img aria-describedby=""product-657801719"" alt=""Cilantro tubo Gourmet Garden 80 g"" src=""https://static.carrefour.es/hd_280x_/supermercado/bcc_static/catalogImages/product/309949/309949.jpg"" srcset=""https://static.carrefour.es/hd_560x_/supermercado/bcc_static/catalogImages/product/309949/309949.jpg"" width=""100%""> <p class=""title-product"">
Cilantro tubo Gourmet Garden 80 g</p>"
Proteina vegetal de soja (tofu) Fanya 130 g,"130 g |
13,77 €/kg",,"1,79 €",,https://static.carrefour.es/hd_280x_/supermercado/bcc_static/catalogImages/product/171298/171298.png,"<img aria-describedby=""product-555105903"" alt=""Proteina vegetal de soja (tofu) Fanya 130 g"" src=""https://static.carrefour.es/hd_280x_/supermercado/bcc_static/catalogImages/product/171298/171298.png"" srcset=""https://static.carrefour.es/hd_560x_/supermercado/bcc_static/catalogImages/product/171298/171298.png"" width=""100%""> <p class=""title-product"">
Proteina vegetal de soja (tofu) Fanya 130 g</p>"
Espinacas con garbanzos ecológicos Campo Rico 250 g,"250 g |
11,96 €/kg",,"2,99 €",,https://static.carrefour.es/hd_280x_/supermercado/bcc_static/catalogImages/product/061720/061720.jpg,"<img aria-describedby=""product-prod970925"" alt=""Espinacas con garbanzos ecológicos Campo Rico 250 g"" src=""https://static.carrefour.es/hd_280x_/supermercado/bcc_static/catalogImages/product/061720/061720.jpg"" srcset=""https://static.carrefour.es/hd_560x_/supermercado/bcc_static/catalogImages/product/061720/061720.jpg"" width=""100%""> <p class=""title-product"">
Espinacas con garbanzos ecológicos Campo Rico 250 g</p>"
Pepino snack,"Envase de 1000.0 g. aprox |
3,79 €/kg",,"3,79 €",,https://static.carrefour.es/hd_280x_/supermercado/bcc_static/catalogImages/product/346840/346840.jpg,"<img aria-describedby=""product-prod290833"" alt=""Pepino snack"" src=""https://static.carrefour.es/hd_280x_/supermercado/bcc_static/catalogImages/product/346840/346840.jpg"" srcset=""https://static.carrefour.es/hd_560x_/supermercado/bcc_static/catalogImages/product/346840/346840.jpg"" width=""100%""> <p class=""title-product"">
Pepino snack</p>"
,,,,,,
Topping de ensalada de frutos rojos Florette 55 g,"55 g |
1,49 €/ud",,"1,49 €",,https://static.carrefour.es/hd_280x_/supermercado/bcc_static/catalogImages/product/023008/023008.jpg,"<img aria-describedby=""product-prod160558"" alt=""Topping de ensalada de frutos rojos Florette 55 g"" src=""https://static.carrefour.es/hd_280x_/supermercado/bcc_static/catalogImages/product/023008/023008.jpg"" srcset=""https://static.carrefour.es/hd_560x_/supermercado/bcc_static/catalogImages/product/023008/023008.jpg"" width=""100%""> <p class=""title-product"">
Topping de ensalada de frutos rojos Florette 55 g</p>"
Albahaca tubo Gourmet Garden 80 g,"80 g |
37,38 €/kg",,"2,99 €",,https://static.carrefour.es/hd_280x_/supermercado/bcc_static/catalogImages/product/309952/309952.png,"<img aria-describedby=""product-657801721"" alt=""Albahaca tubo Gourmet Garden 80 g"" src=""https://static.carrefour.es/hd_280x_/supermercado/bcc_static/catalogImages/product/309952/309952.png"" srcset=""https://static.carrefour.es/hd_560x_/supermercado/bcc_static/catalogImages/product/309952/309952.png"" width=""100%""> <p class=""title-product"">
Albahaca tubo Gourmet Garden 80 g</p>"
Boniato cocido en dados  250 g,"250 g |
7,96 €/kg",,"1,99 €",,https://static.carrefour.es/hd_280x_/supermercado/bcc_static/catalogImages/product/172393/172393.jpg,"<img aria-describedby=""product-868700656"" alt=""Boniato cocido en dados  250 g"" src=""https://static.carrefour.es/hd_280x_/supermercado/bcc_static/catalogImages/product/172393/172393.jpg"" srcset=""https://static.carrefour.es/hd_560x_/supermercado/bcc_static/catalogImages/product/172393/172393.jpg"" width=""100%""> <p class=""title-product"">
Boniato cocido en dados  250 g</p>"
Crema de zanahoria y curcuma 50 Cl,"500 ml |
5,00 €/l",,"2,50 €",,https://static.carrefour.es/hd_280x_/supermercado/bcc_static/catalogImages/product/299374/299374.jpg,"<img aria-describedby=""product-fprod1250147"" alt=""Crema de zanahoria y curcuma 50 Cl"" src=""https://static.carrefour.es/hd_280x_/supermercado/bcc_static/catalogImages/product/299374/299374.jpg"" srcset=""https://static.carrefour.es/hd_560x_/supermercado/bcc_static/catalogImages/product/299374/299374.jpg"" width=""100%""> <p class=""title-product"">
Crema de zanahoria y curcuma 50 Cl</p>"
"Verduras especial fajitas, pto verde,rojo,amarillo,cebolla,aceite oliva,sal,  230 g","230 g |
8,04 €/kg",,"1,85 €",,https://static.carrefour.es/hd_280x_/supermercado/bcc_static/catalogImages/product/191546/191546.jpg,"<img aria-describedby=""product-prod62059"" alt=""Verduras especial fajitas, pto verde,rojo,amarillo,cebolla,aceite oliva,sal,  230 g"" src=""https://static.carrefour.es/hd_280x_/supermercado/bcc_static/catalogImages/product/191546/191546.jpg"" srcset=""https://static.carrefour.es/hd_560x_/supermercado/bcc_static/catalogImages/product/191546/191546.jpg"" width=""100%""> <p class=""title-product"">
Verduras especial fajitas, pto verde,rojo,amarillo,cebolla,aceite oliva,sal,  230 g</p>"
Salsa vinagreta gourmet Florette 250 ml,"250 Ml |
1,89 €/ud",,"1,89 €",,https://static.carrefour.es/hd_280x_/supermercado/bcc_static/catalogImages/product/822132/822132.jpg,"<img aria-describedby=""product-prod410343"" alt=""Salsa vinagreta gourmet Florette 250 ml"" src=""https://static.carrefour.es/hd_280x_/supermercado/bcc_static/catalogImages/product/822132/822132.jpg"" srcset=""https://static.carrefour.es/hd_560x_/supermercado/bcc_static/catalogImages/product/822132/822132.jpg"" width=""100%""> <p class=""title-product"">
Salsa vinagreta gourmet Florette 250 ml</p>"
Pimientos asados ecológicos Campo Rico 250 g,"250 g |
11,16 €/kg",,"2,79 €",,https://static.carrefour.es/hd_280x_/supermercado/bcc_static/catalogImages/product/061749/061749.jpg,"<img aria-describedby=""product-prod970916"" alt=""Pimientos asados ecológicos Campo Rico 250 g"" src=""https://static.carrefour.es/hd_280x_/supermercado/bcc_static/catalogImages/product/061749/061749.jpg"" srcset=""https://static.carrefour.es/hd_560x_/supermercado/bcc_static/catalogImages/product/061749/061749.jpg"" width=""100%""> <p class=""title-product"">
Pimientos asados ecológicos Campo Rico 250 g</p>"
Patatas a lo pobre Campo Rico 360 g,"360 g |
6,64 €/kg",,"2,39 €",,https://static.carrefour.es/hd_280x_/supermercado/bcc_static/catalogImages/product/212475/212475.jpg,"<img aria-describedby=""product-538003278"" alt=""Patatas a lo pobre Campo Rico 360 g"" src=""https://static.carrefour.es/hd_280x_/supermercado/bcc_static/catalogImages/product/212475/212475.jpg"" srcset=""https://static.carrefour.es/hd_560x_/supermercado/bcc_static/catalogImages/product/212475/212475.jpg"" width=""100%""> <p class=""title-product"">
Patatas a lo pobre Campo Rico 360 g</p>"
Tomate mitad deshidratado Trevijano bandeja 70 g,"70 g |
37,00 €/kg",,"2,59 €",,https://static.carrefour.es/hd_280x_/supermercado/bcc_static/catalogImages/product/407635/407635.jpg,"<img aria-describedby=""product-prod68358"" alt=""Tomate mitad deshidratado Trevijano bandeja 70 g"" src=""https://static.carrefour.es/hd_280x_/supermercado/bcc_static/catalogImages/product/407635/407635.jpg"" srcset=""https://static.carrefour.es/hd_560x_/supermercado/bcc_static/catalogImages/product/407635/407635.jpg"" width=""100%""> <p class=""title-product"">
Tomate mitad deshidratado Trevijano bandeja 70 g</p>"
Preparado de crema de boniato con Jengibre Bouquet,"Bandeja de |
4,29 €/kg",,"3,00 €",,https://static.carrefour.es/hd_280x_/supermercado/bcc_static/catalogImages/product/177579/177579.jpg,"<img aria-describedby=""product-prod1130037"" alt=""Preparado de crema de boniato con Jengibre Bouquet"" src=""https://static.carrefour.es/hd_280x_/supermercado/bcc_static/catalogImages/product/177579/177579.jpg"" srcset=""https://static.carrefour.es/hd_560x_/supermercado/bcc_static/catalogImages/product/177579/177579.jpg"" width=""100%""> <p class=""title-product"">
Preparado de crema de boniato con Jengibre Bouquet</p>"
Brócoli salteado ecológico Campo Rico 250 g,"250 g |
15,00 €/kg",,"3,75 €",,https://static.carrefour.es/hd_280x_/supermercado/bcc_static/catalogImages/product/061766/061766.jpg,"<img aria-describedby=""product-prod970912"" alt=""Brócoli salteado ecológico Campo Rico 250 g"" src=""https://static.carrefour.es/hd_280x_/supermercado/bcc_static/catalogImages/product/061766/061766.jpg"" srcset=""https://static.carrefour.es/hd_560x_/supermercado/bcc_static/catalogImages/product/061766/061766.jpg"" width=""100%""> <p class=""title-product"">
Brócoli salteado ecológico Campo Rico 250 g</p>"
Pimiento entero deshidratado Trevijano bandeja 60 g,"60 g |
37,50 €/kg",,"2,25 €",,https://static.carrefour.es/hd_280x_/supermercado/bcc_static/catalogImages/product/407627/407627.jpg,"<img aria-describedby=""product-prod68366"" alt=""Pimiento entero deshidratado Trevijano bandeja 60 g"" src=""https://static.carrefour.es/hd_280x_/supermercado/bcc_static/catalogImages/product/407627/407627.jpg"" srcset=""https://static.carrefour.es/hd_560x_/supermercado/bcc_static/catalogImages/product/407627/407627.jpg"" width=""100%""> <p class=""title-product"">
Pimiento entero deshidratado Trevijano bandeja 60 g</p>"
Preparado de crema de calabacín al curry Bouquet,"Bandeja de |
4,29 €/kg",,"3,00 €",,https://static.carrefour.es/hd_280x_/supermercado/bcc_static/catalogImages/product/177539/177539.jpg,"<img aria-describedby=""product-prod1130080"" alt=""Preparado de crema de calabacín al curry Bouquet"" src=""https://static.carrefour.es/hd_280x_/supermercado/bcc_static/catalogImages/product/177539/177539.jpg"" srcset=""https://static.carrefour.es/hd_560x_/supermercado/bcc_static/catalogImages/product/177539/177539.jpg"" width=""100%""> <p class=""title-product"">
Preparado de crema de calabacín al curry Bouquet</p>"
Sopa Thai de quinoa Trevijano sin gluten 200 g.,"200 g. |
17,50 €/kg",,"3,50 €",,https://static.carrefour.es/hd_280x_/supermercado/bcc_static/catalogImages/product/974444/974444.jpg,"<img aria-describedby=""product-837010500"" alt=""Sopa Thai de quinoa Trevijano sin gluten 200 g."" src=""https://static.carrefour.es/hd_280x_/supermercado/bcc_static/catalogImages/product/974444/974444.jpg"" srcset=""https://static.carrefour.es/hd_560x_/supermercado/bcc_static/catalogImages/product/974444/974444.jpg"" width=""100%""> <p class=""title-product"">
Sopa Thai de quinoa Trevijano sin gluten 200 g.</p>"
Salsa vinagreta balsámica Prima Flor 250 ml,"250 ml. |
7,96 €/l",,"1,99 €",,https://static.carrefour.es/hd_280x_/supermercado/bcc_static/catalogImages/product/865659/865659.png,"<img aria-describedby=""product-780744929"" alt=""Salsa vinagreta balsámica Prima Flor 250 ml"" src=""https://static.carrefour.es/hd_280x_/supermercado/bcc_static/catalogImages/product/865659/865659.png"" srcset=""https://static.carrefour.es/hd_560x_/supermercado/bcc_static/catalogImages/product/865659/865659.png"" width=""100%""> <p class=""title-product"">
Salsa vinagreta balsámica Prima Flor 250 ml</p>"
Jengibre tubo  80 g,"80 g |
37,38 €/kg",,"2,99 €",,https://static.carrefour.es/hd_280x_/supermercado/bcc_static/catalogImages/product/902376/902376.jpg,"<img aria-describedby=""product-827617555"" alt=""Jengibre tubo  80 g"" src=""https://static.carrefour.es/hd_280x_/supermercado/bcc_static/catalogImages/product/902376/902376.jpg"" srcset=""https://static.carrefour.es/hd_560x_/supermercado/bcc_static/catalogImages/product/902376/902376.jpg"" width=""100%""> <p class=""title-product"">
Jengibre tubo  80 g</p>"
Salsa yoghurt bote 250 ml,"250 ml. |
8,40 €/l",,"2,10 €",,https://static.carrefour.es/hd_280x_/supermercado/bcc_static/catalogImages/product/865938/865938.jpg,"<img aria-describedby=""product-780796821"" alt=""Salsa yoghurt bote 250 ml"" src=""https://static.carrefour.es/hd_280x_/supermercado/bcc_static/catalogImages/product/865938/865938.jpg"" srcset=""https://static.carrefour.es/hd_560x_/supermercado/bcc_static/catalogImages/product/865938/865938.jpg"" width=""100%""> <p class=""title-product"">
Salsa yoghurt bote 250 ml</p>"
Sopa Quinoa deshidratada Trevijano 200 g,"200 g |
17,50 €/kg",,"3,50 €",,https://static.carrefour.es/hd_280x_/supermercado/bcc_static/catalogImages/product/974446/974446.png,"<img aria-describedby=""product-837010504"" alt=""Sopa Quinoa deshidratada Trevijano 200 g"" src=""https://static.carrefour.es/hd_280x_/supermercado/bcc_static/catalogImages/product/974446/974446.png"" srcset=""https://static.carrefour.es/hd_560x_/supermercado/bcc_static/catalogImages/product/974446/974446.png"" width=""100%""> <p class=""title-product"">
Sopa Quinoa deshidratada Trevijano 200 g</p>"
Germinado rosa de China Fanya bandeja 95 g,"95 g |
23,05 €/kg",,"2,19 €",,https://static.carrefour.es/hd_280x_/supermercado/bcc_static/catalogImages/product/234403/234403.jpg,"<img aria-describedby=""product-prod860068"" alt=""Germinado rosa de China Fanya bandeja 95 g"" src=""https://static.carrefour.es/hd_280x_/supermercado/bcc_static/catalogImages/product/234403/234403.jpg"" srcset=""https://static.carrefour.es/hd_560x_/supermercado/bcc_static/catalogImages/product/234403/234403.jpg"" width=""100%""> <p class=""title-product"">
Germinado rosa de China Fanya bandeja 95 g</p>"
Base vegetal boniato y brocoli 180 g,"180 g |
12,50 €/kg",,"2,25 €",,https://static.carrefour.es/hd_280x_/supermercado/bcc_static/catalogImages/product/214651/214651.jpg,"<img aria-describedby=""product-prod1170094"" alt=""Base vegetal boniato y brocoli 180 g"" src=""https://static.carrefour.es/hd_280x_/supermercado/bcc_static/catalogImages/product/214651/214651.jpg"" srcset=""https://static.carrefour.es/hd_560x_/supermercado/bcc_static/catalogImages/product/214651/214651.jpg"" width=""100%""> <p class=""title-product"">
Base vegetal boniato y brocoli 180 g</p>"
Salsa mexicana Baby Fresh Prima Flor tarrina 200 g,"200 g |
10,50 €/kg",,"2,10 €",,https://static.carrefour.es/hd_280x_/supermercado/bcc_static/catalogImages/product/759975/759975.jpg,"<img aria-describedby=""product-842000692"" alt=""Salsa mexicana Baby Fresh Prima Flor tarrina 200 g"" src=""https://static.carrefour.es/hd_280x_/supermercado/bcc_static/catalogImages/product/759975/759975.jpg"" srcset=""https://static.carrefour.es/hd_560x_/supermercado/bcc_static/catalogImages/product/759975/759975.jpg"" width=""100%""> <p class=""title-product"">
Salsa mexicana Baby Fresh Prima Flor tarrina 200 g</p>"
Base vegetal alubias y chia 180 g,"180 g |
12,50 €/kg",,"2,25 €",,https://static.carrefour.es/hd_280x_/supermercado/bcc_static/catalogImages/product/214733/214733.jpg,"<img aria-describedby=""product-prod1170109"" alt=""Base vegetal alubias y chia 180 g"" src=""https://static.carrefour.es/hd_280x_/supermercado/bcc_static/catalogImages/product/214733/214733.jpg"" srcset=""https://static.carrefour.es/hd_560x_/supermercado/bcc_static/catalogImages/product/214733/214733.jpg"" width=""100%""> <p class=""title-product"">
Base vegetal alubias y chia 180 g</p>"
Preparado de Vichissoise de Zanahoria con manzana y curcuma Bouquet,"Bandeja de |
4,29 €/kg",,"3,00 €",,https://static.carrefour.es/hd_280x_/supermercado/bcc_static/catalogImages/product/177536/177536.jpg,"<img aria-describedby=""product-prod1130079"" alt=""Preparado de Vichissoise de Zanahoria con manzana y curcuma Bouquet"" src=""https://static.carrefour.es/hd_280x_/supermercado/bcc_static/catalogImages/product/177536/177536.jpg"" srcset=""https://static.carrefour.es/hd_560x_/supermercado/bcc_static/catalogImages/product/177536/177536.jpg"" width=""100%""> <p class=""title-product"">
Preparado de Vichissoise de Zanahoria con manzana y curcuma Bouquet</p>"
"Crema de col, lombarda, jengibre y quinoa 50 Cl","500 ml |
5,00 €/l",,"2,50 €",,https://static.carrefour.es/hd_280x_/supermercado/bcc_static/catalogImages/product/299400/299400.jpg,"<img aria-describedby=""product-fprod1250117"" alt=""Crema de col, lombarda, jengibre y quinoa 50 Cl"" src=""https://static.carrefour.es/hd_280x_/supermercado/bcc_static/catalogImages/product/299400/299400.jpg"" srcset=""https://static.carrefour.es/hd_560x_/supermercado/bcc_static/catalogImages/product/299400/299400.jpg"" width=""100%""> <p class=""title-product"">
Crema de col, lombarda, jengibre y quinoa 50 Cl</p>"
,,,,,,
Base vegetal lenteja 5 pimientas 180 g,"180 g |
12,50 €/kg",,"2,25 €",,https://static.carrefour.es/hd_280x_/supermercado/bcc_static/catalogImages/product/214737/214737.jpg,"<img aria-describedby=""product-prod1170113"" alt=""Base vegetal lenteja 5 pimientas 180 g"" src=""https://static.carrefour.es/hd_280x_/supermercado/bcc_static/catalogImages/product/214737/214737.jpg"" srcset=""https://static.carrefour.es/hd_560x_/supermercado/bcc_static/catalogImages/product/214737/214737.jpg"" width=""100%""> <p class=""title-product"">
Base vegetal lenteja 5 pimientas 180 g</p>"
Quinoa blanca Trevijano bandeja 300 g,"300 g |
15,00 €/kg",,"4,50 €",,https://static.carrefour.es/hd_280x_/supermercado/bcc_static/catalogImages/product/059699/059699.jpg,"<img aria-describedby=""product-852000374"" alt=""Quinoa blanca Trevijano bandeja 300 g"" src=""https://static.carrefour.es/hd_280x_/supermercado/bcc_static/catalogImages/product/059699/059699.jpg"" srcset=""https://static.carrefour.es/hd_560x_/supermercado/bcc_static/catalogImages/product/059699/059699.jpg"" width=""100%""> <p class=""title-product"">
Quinoa blanca Trevijano bandeja 300 g</p>"
Base vegetal mexicana 180 g,"180 g |
12,50 €/kg",,"2,25 €",,https://static.carrefour.es/hd_280x_/supermercado/bcc_static/catalogImages/product/214731/214731.jpg,"<img aria-describedby=""product-prod1170111"" alt=""Base vegetal mexicana 180 g"" src=""https://static.carrefour.es/hd_280x_/supermercado/bcc_static/catalogImages/product/214731/214731.jpg"" srcset=""https://static.carrefour.es/hd_560x_/supermercado/bcc_static/catalogImages/product/214731/214731.jpg"" width=""100%""> <p class=""title-product"">
Base vegetal mexicana 180 g</p>"
,,,,,,