Title,kg price,Discounted Price,Actual Price,Actual Price 2,Image,Merchant Product Id HTML
Tomate bola maduro  granel 500 g aprox,"Envase de 500.0 g. aprox |
1,19 €/kg","0,59 €",,"0,69 €",https://static.carrefour.es/hd_280x_/supermercado/bcc_static/catalogImages/product/050267/050267.jpg,"<img aria-describedby=""product-526715366"" alt=""Tomate bola maduro  granel 500 g aprox"" src=""https://static.carrefour.es/hd_280x_/supermercado/bcc_static/catalogImages/product/050267/050267.jpg"" srcset=""https://static.carrefour.es/hd_560x_/supermercado/bcc_static/catalogImages/product/050267/050267.jpg"" width=""100%""> <p class=""title-product"">
Tomate bola maduro  granel 500 g aprox</p>"
Tomate cherry Carrefour tarrina 250 g,"250 g |
3,00 €/kg",,"0,75 €",,https://static.carrefour.es/hd_280x_/supermercado/bcc_static/catalogImages/product/235421/235421.jpg,"<img aria-describedby=""product-850100488"" alt=""Tomate cherry Carrefour tarrina 250 g"" src=""https://static.carrefour.es/hd_280x_/supermercado/bcc_static/catalogImages/product/235421/235421.jpg"" srcset=""https://static.carrefour.es/hd_560x_/supermercado/bcc_static/catalogImages/product/235421/235421.jpg"" width=""100%""> <p class=""title-product"">
Tomate cherry Carrefour tarrina 250 g</p>"
Tomate rama Carrefour 1 Kg aprox,"Envase de 1000.0 g. aprox |
1,79 €/kg",,"1,79 €",,https://static.carrefour.es/hd_280x_/supermercado/bcc_static/catalogImages/product/718723/718723.jpg,"<img aria-describedby=""product-530913262"" alt=""Tomate rama Carrefour 1 Kg aprox"" src=""https://static.carrefour.es/hd_280x_/supermercado/bcc_static/catalogImages/product/718723/718723.jpg"" srcset=""https://static.carrefour.es/hd_560x_/supermercado/bcc_static/catalogImages/product/718723/718723.jpg"" width=""100%""> <p class=""title-product"">
Tomate rama Carrefour 1 Kg aprox</p>"
Tomate pera  500 g aprox,"Envase de 500.0 g. aprox |
1,49 €/kg",,"0,74 €",,https://static.carrefour.es/hd_280x_/supermercado/bcc_static/catalogImages/product/053826/053826.jpg,"<img aria-describedby=""product-532601623"" alt=""Tomate pera  500 g aprox"" src=""https://static.carrefour.es/hd_280x_/supermercado/bcc_static/catalogImages/product/053826/053826.jpg"" srcset=""https://static.carrefour.es/hd_560x_/supermercado/bcc_static/catalogImages/product/053826/053826.jpg"" width=""100%""> <p class=""title-product"">
Tomate pera  500 g aprox</p>"
Tomate ensalada  1 Kg  aprox,"Envase de 1000.0 g. aprox |
1,59 €/kg",,"1,59 €",,https://static.carrefour.es/hd_280x_/supermercado/bcc_static/catalogImages/product/050265/050265.jpg,"<img aria-describedby=""product-530067024"" alt=""Tomate ensalada  1 Kg  aprox"" src=""https://static.carrefour.es/hd_280x_/supermercado/bcc_static/catalogImages/product/050265/050265.jpg"" srcset=""https://static.carrefour.es/hd_560x_/supermercado/bcc_static/catalogImages/product/050265/050265.jpg"" width=""100%""> <p class=""title-product"">
Tomate ensalada  1 Kg  aprox</p>"
Pepino español  bandeja 500 g aprox,"Envase de 500.0 g. aprox |
1,59 €/kg",,"0,79 €",,https://static.carrefour.es/hd_280x_/supermercado/bcc_static/catalogImages/product/161016/161016.jpg,"<img aria-describedby=""product-521032248"" alt=""Pepino español  bandeja 500 g aprox"" src=""https://static.carrefour.es/hd_280x_/supermercado/bcc_static/catalogImages/product/161016/161016.jpg"" srcset=""https://static.carrefour.es/hd_560x_/supermercado/bcc_static/catalogImages/product/161016/161016.jpg"" width=""100%""> <p class=""title-product"">
Pepino español  bandeja 500 g aprox</p>"
Pepino español Villa del Prado  1 Kg aprox,"Envase de 1000.0 g. aprox |
1,29 €/kg",,"1,29 €",,https://static.carrefour.es/hd_280x_/supermercado/bcc_static/catalogImages/product/811366/811366.jpg,"<img aria-describedby=""product-636701859"" alt=""Pepino español Villa del Prado  1 Kg aprox"" src=""https://static.carrefour.es/hd_280x_/supermercado/bcc_static/catalogImages/product/811366/811366.jpg"" srcset=""https://static.carrefour.es/hd_560x_/supermercado/bcc_static/catalogImages/product/811366/811366.jpg"" width=""100%""> <p class=""title-product"">
Pepino español Villa del Prado  1 Kg aprox</p>"
Tomate Kumato  500 g,"500 g |
2,50 €/kg",,"1,25 €",,https://static.carrefour.es/hd_280x_/supermercado/bcc_static/catalogImages/product/695475/695475.jpg,"<img aria-describedby=""product-521032216"" alt=""Tomate Kumato  500 g"" src=""https://static.carrefour.es/hd_280x_/supermercado/bcc_static/catalogImages/product/695475/695475.jpg"" srcset=""https://static.carrefour.es/hd_560x_/supermercado/bcc_static/catalogImages/product/695475/695475.jpg"" width=""100%""> <p class=""title-product"">
Tomate Kumato  500 g</p>"
Tomate sabor rosa selecta  500 g aprox,"Envase de 500.0 g. aprox |
3,95 €/kg",,"1,97 €",,https://static.carrefour.es/hd_280x_/supermercado/bcc_static/catalogImages/product/373600/373600.jpg,"<img aria-describedby=""product-prod73644"" alt=""Tomate sabor rosa selecta  500 g aprox"" src=""https://static.carrefour.es/hd_280x_/supermercado/bcc_static/catalogImages/product/373600/373600.jpg"" srcset=""https://static.carrefour.es/hd_560x_/supermercado/bcc_static/catalogImages/product/373600/373600.jpg"" width=""100%""> <p class=""title-product"">
Tomate sabor rosa selecta  500 g aprox</p>"
Tomate Kumato  granel 1 Kg aprox,"Envase de 1000.0 g. aprox |
2,39 €/kg",,"2,39 €",,https://static.carrefour.es/hd_280x_/supermercado/bcc_static/catalogImages/product/070713/070713.jpg,"<img aria-describedby=""product-683401804"" alt=""Tomate Kumato  granel 1 Kg aprox"" src=""https://static.carrefour.es/hd_280x_/supermercado/bcc_static/catalogImages/product/070713/070713.jpg"" srcset=""https://static.carrefour.es/hd_560x_/supermercado/bcc_static/catalogImages/product/070713/070713.jpg"" width=""100%""> <p class=""title-product"">
Tomate Kumato  granel 1 Kg aprox</p>"
Tomate cherry mini-kumato Carrefour 250 g,"250 g |
4,60 €/kg",,"1,15 €",,https://static.carrefour.es/hd_280x_/supermercado/bcc_static/catalogImages/product/264100/264100.jpg,"<img aria-describedby=""product-571901559"" alt=""Tomate cherry mini-kumato Carrefour 250 g"" src=""https://static.carrefour.es/hd_280x_/supermercado/bcc_static/catalogImages/product/264100/264100.jpg"" srcset=""https://static.carrefour.es/hd_560x_/supermercado/bcc_static/catalogImages/product/264100/264100.jpg"" width=""100%""> <p class=""title-product"">
Tomate cherry mini-kumato Carrefour 250 g</p>"
Tomate natural rallado Surinver  230 g,"230 g |
4,43 €/kg",,"1,02 €",,https://static.carrefour.es/hd_280x_/supermercado/bcc_static/catalogImages/product/296406/296406.jpg,"<img aria-describedby=""product-602104288"" alt=""Tomate natural rallado Surinver  230 g"" src=""https://static.carrefour.es/hd_280x_/supermercado/bcc_static/catalogImages/product/296406/296406.jpg"" srcset=""https://static.carrefour.es/hd_560x_/supermercado/bcc_static/catalogImages/product/296406/296406.jpg"" width=""100%""> <p class=""title-product"">
Tomate natural rallado Surinver  230 g</p>"
Tomate cherry pera ecológico Carrefour Bio 250 g,"250 g |
5,16 €/kg",,"1,29 €",,https://static.carrefour.es/hd_280x_/supermercado/bcc_static/catalogImages/product/530464/530464.jpg,"<img aria-describedby=""product-prod410179"" alt=""Tomate cherry pera ecológico Carrefour Bio 250 g"" src=""https://static.carrefour.es/hd_280x_/supermercado/bcc_static/catalogImages/product/530464/530464.jpg"" srcset=""https://static.carrefour.es/hd_560x_/supermercado/bcc_static/catalogImages/product/530464/530464.jpg"" width=""100%""> <p class=""title-product"">
Tomate cherry pera ecológico Carrefour Bio 250 g</p>"
Tomate ensalada  Malla 1 Kg,"1 kg |
1,69 €/kg",,"1,69 €",,https://static.carrefour.es/hd_280x_/supermercado/bcc_static/catalogImages/product/462753/462753.jpg,"<img aria-describedby=""product-526574304"" alt=""Tomate ensalada  Malla 1 Kg"" src=""https://static.carrefour.es/hd_280x_/supermercado/bcc_static/catalogImages/product/462753/462753.jpg"" srcset=""https://static.carrefour.es/hd_560x_/supermercado/bcc_static/catalogImages/product/462753/462753.jpg"" width=""100%""> <p class=""title-product"">
Tomate ensalada  Malla 1 Kg</p>"
Tomate rama ecológico Carrefour Bio 500 g,"500 g |
3,70 €/kg",,"1,85 €",,https://static.carrefour.es/hd_280x_/supermercado/bcc_static/catalogImages/product/738652/738652.jpg,"<img aria-describedby=""product-600709258"" alt=""Tomate rama ecológico Carrefour Bio 500 g"" src=""https://static.carrefour.es/hd_280x_/supermercado/bcc_static/catalogImages/product/738652/738652.jpg"" srcset=""https://static.carrefour.es/hd_560x_/supermercado/bcc_static/catalogImages/product/738652/738652.jpg"" width=""100%""> <p class=""title-product"">
Tomate rama ecológico Carrefour Bio 500 g</p>"
Tomate mar azul granel  granel 1 Kg aprox,"Envase de 1000.0 g. aprox |
3,95 €/kg",,"3,95 €",,https://static.carrefour.es/hd_280x_/supermercado/bcc_static/catalogImages/product/841327/841327.jpg,"<img aria-describedby=""product-prod620041"" alt=""Tomate mar azul granel  granel 1 Kg aprox"" src=""https://static.carrefour.es/hd_280x_/supermercado/bcc_static/catalogImages/product/841327/841327.jpg"" srcset=""https://static.carrefour.es/hd_560x_/supermercado/bcc_static/catalogImages/product/841327/841327.jpg"" width=""100%""> <p class=""title-product"">
Tomate mar azul granel  granel 1 Kg aprox</p>"
Tomate ensalada  bandeja 700 g,"Envase de 700.0 g. aprox |
1,89 €/kg",,"1,32 €",,https://static.carrefour.es/hd_280x_/supermercado/bcc_static/catalogImages/product/149586/149586.png,"<img aria-describedby=""product-521032209"" alt=""Tomate ensalada  bandeja 700 g"" src=""https://static.carrefour.es/hd_280x_/supermercado/bcc_static/catalogImages/product/149586/149586.png"" srcset=""https://static.carrefour.es/hd_560x_/supermercado/bcc_static/catalogImages/product/149586/149586.png"" width=""100%""> <p class=""title-product"">
Tomate ensalada  bandeja 700 g</p>"
Tomate Raff selecta  bandeja 500 g,"500 g |
4,58 €/kg",,"2,29 €",,https://static.carrefour.es/hd_280x_/supermercado/bcc_static/catalogImages/product/090419/090419.png,"<img aria-describedby=""product-527030496"" alt=""Tomate Raff selecta  bandeja 500 g"" src=""https://static.carrefour.es/hd_280x_/supermercado/bcc_static/catalogImages/product/090419/090419.png"" srcset=""https://static.carrefour.es/hd_560x_/supermercado/bcc_static/catalogImages/product/090419/090419.png"" width=""100%""> <p class=""title-product"">
Tomate Raff selecta  bandeja 500 g</p>"
Tomate corazon de buey Carrefour  granel 1 Kg aprox.,"Envase de 1000.0 g. aprox |
3,89 €/kg",,"3,89 €",,https://static.carrefour.es/hd_280x_/supermercado/bcc_static/catalogImages/product/143144/143144.jpg,"<img aria-describedby=""product-prod1090034"" alt=""Tomate corazon de buey Carrefour  granel 1 Kg aprox."" src=""https://static.carrefour.es/hd_280x_/supermercado/bcc_static/catalogImages/product/143144/143144.jpg"" srcset=""https://static.carrefour.es/hd_560x_/supermercado/bcc_static/catalogImages/product/143144/143144.jpg"" width=""100%""> <p class=""title-product"">
Tomate corazon de buey Carrefour  granel 1 Kg aprox.</p>"
Pepino de Almería  granel 1 Kg,"Envase de 1000.0 g. aprox |
1,99 €/kg",,"1,99 €",,https://static.carrefour.es/hd_280x_/supermercado/bcc_static/catalogImages/product/053820/053820.jpg,"<img aria-describedby=""product-628401719"" alt=""Pepino de Almería  granel 1 Kg"" src=""https://static.carrefour.es/hd_280x_/supermercado/bcc_static/catalogImages/product/053820/053820.jpg"" srcset=""https://static.carrefour.es/hd_560x_/supermercado/bcc_static/catalogImages/product/053820/053820.jpg"" width=""100%""> <p class=""title-product"">
Pepino de Almería  granel 1 Kg</p>"
Tomate cherry Carrefour 200 g,"200 g |
7,95 €/kg",,"1,59 €",,https://static.carrefour.es/hd_280x_/supermercado/bcc_static/catalogImages/product/359899/359899.jpg,"<img aria-describedby=""product-prod301519"" alt=""Tomate cherry Carrefour 200 g"" src=""https://static.carrefour.es/hd_280x_/supermercado/bcc_static/catalogImages/product/359899/359899.jpg"" srcset=""https://static.carrefour.es/hd_560x_/supermercado/bcc_static/catalogImages/product/359899/359899.jpg"" width=""100%""> <p class=""title-product"">
Tomate cherry Carrefour 200 g</p>"
Tomate natural ecológico rallado Carrefour Bio tarrina 230 g,"230 gr. |
6,74 €/kg",,"1,55 €",,https://static.carrefour.es/hd_280x_/supermercado/bcc_static/catalogImages/product/290382/290382.jpg,"<img aria-describedby=""product-prod250554"" alt=""Tomate natural ecológico rallado Carrefour Bio tarrina 230 g"" src=""https://static.carrefour.es/hd_280x_/supermercado/bcc_static/catalogImages/product/290382/290382.jpg"" srcset=""https://static.carrefour.es/hd_560x_/supermercado/bcc_static/catalogImages/product/290382/290382.jpg"" width=""100%""> <p class=""title-product"">
Tomate natural ecológico rallado Carrefour Bio tarrina 230 g</p>"
Tomate rama Carrefour Zero 500 gr,"500 g |
3,78 €/kg",,"1,89 €",,https://static.carrefour.es/hd_280x_/supermercado/bcc_static/catalogImages/product/143148/143148.jpg,"<img aria-describedby=""product-prod1090035"" alt=""Tomate rama Carrefour Zero 500 gr"" src=""https://static.carrefour.es/hd_280x_/supermercado/bcc_static/catalogImages/product/143148/143148.jpg"" srcset=""https://static.carrefour.es/hd_560x_/supermercado/bcc_static/catalogImages/product/143148/143148.jpg"" width=""100%""> <p class=""title-product"">
Tomate rama Carrefour Zero 500 gr</p>"
Tomate natural rallado con Aceite de Oliva Virgen Surinver 230 g,"Envase de |
6,04 €/kg",,"1,39 €",,https://static.carrefour.es/hd_280x_/supermercado/bcc_static/catalogImages/product/990289/990289.jpg,"<img aria-describedby=""product-prod790053"" alt=""Tomate natural rallado con Aceite de Oliva Virgen Surinver 230 g"" src=""https://static.carrefour.es/hd_280x_/supermercado/bcc_static/catalogImages/product/990289/990289.jpg"" srcset=""https://static.carrefour.es/hd_560x_/supermercado/bcc_static/catalogImages/product/990289/990289.jpg"" width=""100%""> <p class=""title-product"">
Tomate natural rallado con Aceite de Oliva Virgen Surinver 230 g</p>"
,,,,,,
Pepino Carrefour Bio 1 Kg aprox,"Envase de 1000.0 g. aprox |
2,30 €/kg",,"2,30 €",,https://static.carrefour.es/hd_280x_/supermercado/bcc_static/catalogImages/product/169835/169835.jpg,"<img aria-describedby=""product-prod1120470"" alt=""Pepino Carrefour Bio 1 Kg aprox"" src=""https://static.carrefour.es/hd_280x_/supermercado/bcc_static/catalogImages/product/169835/169835.jpg"" srcset=""https://static.carrefour.es/hd_560x_/supermercado/bcc_static/catalogImages/product/169835/169835.jpg"" width=""100%""> <p class=""title-product"">
Pepino Carrefour Bio 1 Kg aprox</p>"
Tomate pera rama Carrefour Zero 500 gr,"500 g |
3,98 €/kg",,"1,99 €",,https://static.carrefour.es/hd_280x_/supermercado/bcc_static/catalogImages/product/143151/143151.jpg,"<img aria-describedby=""product-prod1090039"" alt=""Tomate pera rama Carrefour Zero 500 gr"" src=""https://static.carrefour.es/hd_280x_/supermercado/bcc_static/catalogImages/product/143151/143151.jpg"" srcset=""https://static.carrefour.es/hd_560x_/supermercado/bcc_static/catalogImages/product/143151/143151.jpg"" width=""100%""> <p class=""title-product"">
Tomate pera rama Carrefour Zero 500 gr</p>"
Tomate pera ecológico Carrefour Bio 500 g,"500 g |
3,80 €/kg",,"1,90 €",,https://static.carrefour.es/hd_280x_/supermercado/bcc_static/catalogImages/product/271982/271982.png,"<img aria-describedby=""product-602104264"" alt=""Tomate pera ecológico Carrefour Bio 500 g"" src=""https://static.carrefour.es/hd_280x_/supermercado/bcc_static/catalogImages/product/271982/271982.png"" srcset=""https://static.carrefour.es/hd_560x_/supermercado/bcc_static/catalogImages/product/271982/271982.png"" width=""100%""> <p class=""title-product"">
Tomate pera ecológico Carrefour Bio 500 g</p>"
Tomate mini cherry rama 200 g,"200 g |
10,00 €/kg",,"2,00 €",,https://static.carrefour.es/hd_280x_/supermercado/bcc_static/catalogImages/product/275476/275476.jpg,"<img aria-describedby=""product-fprod1220371"" alt=""Tomate mini cherry rama 200 g"" src=""https://static.carrefour.es/hd_280x_/supermercado/bcc_static/catalogImages/product/275476/275476.jpg"" srcset=""https://static.carrefour.es/hd_560x_/supermercado/bcc_static/catalogImages/product/275476/275476.jpg"" width=""100%""> <p class=""title-product"">
Tomate mini cherry rama 200 g</p>"
Tomate cocktail Carrefour 225 g,"225 g |
7,96 €/kg",,"1,79 €",,https://static.carrefour.es/hd_280x_/supermercado/bcc_static/catalogImages/product/359794/359794.jpg,"<img aria-describedby=""product-prod301502"" alt=""Tomate cocktail Carrefour 225 g"" src=""https://static.carrefour.es/hd_280x_/supermercado/bcc_static/catalogImages/product/359794/359794.jpg"" srcset=""https://static.carrefour.es/hd_560x_/supermercado/bcc_static/catalogImages/product/359794/359794.jpg"" width=""100%""> <p class=""title-product"">
Tomate cocktail Carrefour 225 g</p>"
Tomate en rama Carrefour Bio 1 Kg aprox,"Envase de 1000.0 g. aprox |
2,75 €/kg",,"2,75 €",,https://static.carrefour.es/hd_280x_/supermercado/bcc_static/catalogImages/product/170072/170072.jpg,"<img aria-describedby=""product-prod1120448"" alt=""Tomate en rama Carrefour Bio 1 Kg aprox"" src=""https://static.carrefour.es/hd_280x_/supermercado/bcc_static/catalogImages/product/170072/170072.jpg"" srcset=""https://static.carrefour.es/hd_560x_/supermercado/bcc_static/catalogImages/product/170072/170072.jpg"" width=""100%""> <p class=""title-product"">
Tomate en rama Carrefour Bio 1 Kg aprox</p>"
Tomate Cherry Carrefour Bio 1 Kg aprox,"Envase de 1000.0 g. aprox |
3,96 €/kg",,"3,96 €",,https://static.carrefour.es/hd_280x_/supermercado/bcc_static/catalogImages/product/170032/170032.jpg,"<img aria-describedby=""product-prod1120468"" alt=""Tomate Cherry Carrefour Bio 1 Kg aprox"" src=""https://static.carrefour.es/hd_280x_/supermercado/bcc_static/catalogImages/product/170032/170032.jpg"" srcset=""https://static.carrefour.es/hd_560x_/supermercado/bcc_static/catalogImages/product/170032/170032.jpg"" width=""100%""> <p class=""title-product"">
Tomate Cherry Carrefour Bio 1 Kg aprox</p>"
Pepino francés  1 Kg aprox,"Envase de 1000.0 g. aprox |
1,29 €/kg",,"1,29 €",,https://static.carrefour.es/hd_280x_/supermercado/bcc_static/catalogImages/product/811367/811367.jpg,"<img aria-describedby=""product-636701861"" alt=""Pepino francés  1 Kg aprox"" src=""https://static.carrefour.es/hd_280x_/supermercado/bcc_static/catalogImages/product/811367/811367.jpg"" srcset=""https://static.carrefour.es/hd_560x_/supermercado/bcc_static/catalogImages/product/811367/811367.jpg"" width=""100%""> <p class=""title-product"">
Pepino francés  1 Kg aprox</p>"
Tomate bola ecológico Carrefour granel 500 g aprox,"Envase de 500.0 g. aprox |
2,59 €/kg",,"1,29 €",,https://static.carrefour.es/hd_280x_/supermercado/bcc_static/catalogImages/product/285140/285140.jpg,"<img aria-describedby=""product-prod240090"" alt=""Tomate bola ecológico Carrefour granel 500 g aprox"" src=""https://static.carrefour.es/hd_280x_/supermercado/bcc_static/catalogImages/product/285140/285140.jpg"" srcset=""https://static.carrefour.es/hd_560x_/supermercado/bcc_static/catalogImages/product/285140/285140.jpg"" width=""100%""> <p class=""title-product"">
Tomate bola ecológico Carrefour granel 500 g aprox</p>"
Tomate bola de mercado 500 g aprox,"Envase de  500.0 g. aprox |
1,19 €/kg","0,59 €",,"2,50 €",https://static.carrefour.es/hd_280x_/supermercado/bcc_static/catalogImages/product/017891/017891.jpg,"<img aria-describedby=""product-prod871047"" alt=""Tomate bola de mercado 500 g aprox"" src=""https://static.carrefour.es/hd_280x_/supermercado/bcc_static/catalogImages/product/017891/017891.jpg"" srcset=""https://static.carrefour.es/hd_560x_/supermercado/bcc_static/catalogImages/product/017891/017891.jpg"" width=""100%""> <p class=""title-product"">
Tomate bola de mercado 500 g aprox</p>"
Tomate pera de mercado 500 g aprox,"Envase de 500.0 g. aprox |
1,29 €/kg",,"0,64 €",,https://static.carrefour.es/hd_280x_/supermercado/bcc_static/catalogImages/product/017902/017902.jpg,"<img aria-describedby=""product-prod871105"" alt=""Tomate pera de mercado 500 g aprox"" src=""https://static.carrefour.es/hd_280x_/supermercado/bcc_static/catalogImages/product/017902/017902.jpg"" srcset=""https://static.carrefour.es/hd_560x_/supermercado/bcc_static/catalogImages/product/017902/017902.jpg"" width=""100%""> <p class=""title-product"">
Tomate pera de mercado 500 g aprox</p>"
Tomate rama de mercado 500 g aprox,"500 g 500.0 g. aprox |
1,79 €/kg",,"0,89 €",,https://static.carrefour.es/hd_280x_/supermercado/bcc_static/catalogImages/product/017904/017904.jpg,"<img aria-describedby=""product-prod871106"" alt=""Tomate rama de mercado 500 g aprox"" src=""https://static.carrefour.es/hd_280x_/supermercado/bcc_static/catalogImages/product/017904/017904.jpg"" srcset=""https://static.carrefour.es/hd_560x_/supermercado/bcc_static/catalogImages/product/017904/017904.jpg"" width=""100%""> <p class=""title-product"">
Tomate rama de mercado 500 g aprox</p>"
Tomate cherry selecta  bandeja 250 g,"250 g |
11,00 €/kg",,"2,75 €",,https://static.carrefour.es/hd_280x_/supermercado/bcc_static/catalogImages/product/359347/359347.jpg,"<img aria-describedby=""product-prod301404"" alt=""Tomate cherry selecta  bandeja 250 g"" src=""https://static.carrefour.es/hd_280x_/supermercado/bcc_static/catalogImages/product/359347/359347.jpg"" srcset=""https://static.carrefour.es/hd_560x_/supermercado/bcc_static/catalogImages/product/359347/359347.jpg"" width=""100%""> <p class=""title-product"">
Tomate cherry selecta  bandeja 250 g</p>"
Pepino ecológico Carrefour granel 500 g aprox,"Envase de 500.0 g. aprox |
2,19 €/kg",,"1,09 €",,https://static.carrefour.es/hd_280x_/supermercado/bcc_static/catalogImages/product/235741/235741.jpg,"<img aria-describedby=""product-prod170099"" alt=""Pepino ecológico Carrefour granel 500 g aprox"" src=""https://static.carrefour.es/hd_280x_/supermercado/bcc_static/catalogImages/product/235741/235741.jpg"" srcset=""https://static.carrefour.es/hd_560x_/supermercado/bcc_static/catalogImages/product/235741/235741.jpg"" width=""100%""> <p class=""title-product"">
Pepino ecológico Carrefour granel 500 g aprox</p>"
Tomate pera Carrefour Bio 1 Kg aprox,"Envase de 1000.0 g. aprox |
3,35 €/kg",,"3,35 €",,https://static.carrefour.es/hd_280x_/supermercado/bcc_static/catalogImages/product/179211/179211.jpg,"<img aria-describedby=""product-prod1130334"" alt=""Tomate pera Carrefour Bio 1 Kg aprox"" src=""https://static.carrefour.es/hd_280x_/supermercado/bcc_static/catalogImages/product/179211/179211.jpg"" srcset=""https://static.carrefour.es/hd_560x_/supermercado/bcc_static/catalogImages/product/179211/179211.jpg"" width=""100%""> <p class=""title-product"">
Tomate pera Carrefour Bio 1 Kg aprox</p>"
,,,,,,